4859 6392
1126 2172 1160 2236 I
1250 2171 1365 2237 DE
1413 2171 1753 2238 FORTVN
1760 2175 1820 2238 A
1864 2173 2099 2239 IOVIS
2145 2171 2380 2238 FILIA
2428 2170 2955 2238 PRIMIGENIA
3000 2171 3613 2239 PRAENESTINA

884 2312 1112 2432 Raro
1183 2367 1414 2432 accidit
1476 2375 1550 2433 ut
1619 2389 1849 2434 arcana
1911 2368 2297 2453 religionum
2351 2367 2709 2431 italicarum
2770 2368 2990 2452 spissis
3051 2367 3340 2452 undique
3405 2365 3659 2432 nebulis
3715 2374 3933 2453 saepta
3985 2370 4184 2433 intro-

562 2490 877 2576 spiciendi
934 2491 1204 2555 facultas
1260 2492 1448 2556 detur
1501 2492 1746 2557 detecto
1802 2496 2218 2557 monumento
2266 2491 2481 2575 aliquo
2549 2511 2771 2556 earum
2833 2492 3215 2577 primigenio
3276 2497 3338 2556 et
3383 2513 3422 2556 a
3465 2492 3848 2555 varroniana
3896 2492 4184 2557 doctrina

564 2615 856 2679 immuni.
958 2614 1188 2678 accidit
1248 2619 1461 2679 autem
1516 2636 1724 2701 nuper
1784 2620 2043 2682 invento
2108 2613 2427 2679 Fortunae
2492 2615 2677 2679 titulo
2731 2618 3111 2700 perantiquo
3169 2635 3404 2681 aeneae
3460 2614 3802 2679 lamminae
3858 2616 4182 2700 inscript0‚

567 2740 678 2822 qui
742 2742 1081 2823 postquam
1148 2740 1219 2802 in
1283 2739 1687 2823 ephemeride
1753 2740 2202 2825 francogallica
2271 2739 2566 2805 ‘bulletin
2621 2738 2698 2804 de
2753 2740 2818 2803 la
2872 2742 3105 2805 societe
3159 2739 3272 2804 des
3327 2740 3721 2823 antiquaires
3787 2739 3866 2803 de
3923 2737 4184 2804 France‘

567 2863 717 2925 anni
776 2862 946 2924 1882
1005 2860 1213 2925 editus
1268 2882 1470 2946 paene
1528 2863 1883 2947 delituerat,
1948 2884 2122 2928 nunc
2166 2863 2425 2929 tandem
2472 2863 2900 2949 complurium
2959 2865 3206 2929 animos
3253 2864 3527 2929 advertit
3581 2861 3660 2925 ad
3719 2859 3912 2927 fidem
3968 2865 4184 2948 ectypi

564 3003 603 3046 a
646 2981 948 3049 Mowatio
993 2986 1350 3049 transmissi
1396 2987 1675 3051 insertus
1722 2985 1800 3051 ab
1846 2987 2126 3052 Henrico
2167 2986 2418 3053 Dessau
2460 2987 2736 3053 Hermae
2782 2986 3046 3054 Roberti
3079 2986 3492 3072 Kaibeliique
3540 3007 3591 3049 a.
3637 2985 3808 3051 1884
3846 3008 3904 3071 p.
3938 2987 4067 3051 453
4101 3007 4181 3051 ss,

562 3127 640 3171 ac
685 3105 979 3173 Dessavii
1026 3109 1285 3193 quidem
1332 3109 1703 3193 exemplum
1748 3111 1917 3175 infra
1961 3111 2295 3196 adscripsi:
3791 3102 3798 3109 ¹

1739 3268 2124 3335 ORCEVIA
2171 3291 2183 3303 ·
2230 3269 2577 3334 NVMERI

1737 3392 2126 3459 NATIONV
2176 3414 2189 3427 ·
2237 3392 2554 3458 GRATIA

1734 3516 2141 3583 FORTVNA
2190 3537 2201 3550 ·
2248 3515 2522 3582 DIOVO
2576 3536 2590 3550 ·
2636 3517 2911 3582 FHEH
2953 3510 2989 3538 ³*

1739 3640 2009 3706 PRIMO
2060 3659 2076 3675 ·
2124 3640 2392 3706 OENIA

1738 3764 1919 3830 DON
1925 3764 2047 3829 OM
2102 3785 2115 3800 ·
2163 3763 2376 3829 DEDI

566 3927 632 3986 et
674 3922 832 3987 haec
879 3923 1139 4008 quidem
1186 3926 1403 3989 omnia
1447 3929 1653 3989 certae
1700 3925 1992 3989 lectionis
2038 3925 2341 3990 videntur
2408 3943 2547 3990 esse
2592 3930 2706 3990 aut
2751 3929 2918 3990 certe
2965 3927 3104 3990 visa
3157 3931 3310 3990 sunt
3355 3944 3496 3990 esse
3541 3924 3788 4006 editori,
3835 3926 3963 3991 nisi
4009 3925 4186 4009 quod

567 4044 850 4110 dubitari
895 4066 1081 4130 posse
1125 4049 1181 4111 is
1227 4048 1555 4113 adnotavit
1597 4069 1654 4132 p.
1701 4047 1855 4132 455,
1899 4070 1984 4114 an
2026 4052 2234 4133 primo
2303 4069 2496 4114 versu
2560 4054 2845 4113 extremo
2893 4048 3150 4113 FILEA
3195 4049 3583 4113 vocabulum
3637 4049 3922 4133 perierit:
3990 4053 4184 4133 atque

566 4169 636 4233 in
704 4188 850 4236 aere
925 4171 1187 4254 quidem
1251 4172 1624 4236 Mowatium
1690 4172 1817 4236 sibi
1882 4175 2098 4238 visum
2157 4191 2299 4239 esse
2359 4180 2556 4238 tenue
2624 4174 2814 4258 primi
2882 4172 3178 4237 elementi
3236 4174 3580 4257 vestigium
3637 4172 4002 4251 observare;
4060 4171 4185 4236 sibi

566 4294 825 4359 nullum
869 4296 1304 4379 comparuisse
1347 4297 1418 4360 in
1463 4302 1711 4381 ectypo,
1774 4317 1903 4381 qua
1948 4298 2027 4361 de
2071 4317 2159 4378 re,
2207 4301 2282 4362 ut
2325 4316 2502 4362 nunc
2545 4316 2649 4362 res
2694 4301 2808 4380 est,
2854 4296 3157 4380 quoniam
3202 4315 3334 4361 non
3378 4296 3658 4380 imagine
3698 4296 3911 4379 ectypi
3957 4314 4186 4359 verum

569 4424 704 4483 arte
749 4419 1134 4503 typographi
1174 4437 1316 4483 rem
1359 4439 1547 4505 agere
1592 4420 1823 4485 editori
1868 4420 2075 4504 libuit,
2139 4428 2213 4486 ut
2272 4421 2599 4505 discriptio
2663 4439 2973 4485 versuum
3018 4420 3613 4503 elementorumque
3667 4418 3879 4502 qualis
3925 4419 3995 4483 in
4040 4437 4186 4483 aere

567 4543 669 4626 sit,
712 4542 901 4607 nobis
941 4543 1194 4607 nullum
1235 4550 1550 4628 competat
1588 4544 1922 4625 iudicium,
1965 4546 2122 4609 certi
2166 4545 2327 4609 nihil
2370 4544 2675 4610 constitui
2713 4549 2938 4628 potest.
3032 4544 3145 4608 sed
3191 4549 3404 4608 tamen
3444 4562 3627 4627 spero
3667 4542 3824 4621 fore,
3863 4545 3936 4606 ut
3981 4543 4185 4626 siquis

566 4667 985 4750 archetypum
1030 4669 1360 4753 exemplar
1403 4668 1769 4733 accuratius
1814 4669 2029 4733 denuo
2074 4670 2338 4733 intentis
2383 4669 2590 4733 oculis
2636 4668 3116 4750 examinaverit,
3163 4672 3336 4731 certo
3384 4670 3702 4751 agnoscat,
3747 4666 3814 4730 id
3863 4666 4036 4751 quod
4081 4686 4185 4731 res

566 4791 707 4874 ipsa
752 4789 1039 4875 flagitare
1083 4791 1360 4876 videtur,
1404 4793 1567 4857 nihil
1611 4794 1815 4878 primo
1863 4810 2057 4857 versu
2103 4794 2457 4858 detractum
2503 4810 2673 4873 esse;
2746 4792 3077 4877 agnoverit
3141 4791 3334 4856 etiam
3380 4797 3600 4856 utrum
3644 4794 3932 4856 extremo
3996 4791 4183 4857 titulo

570 4911 787 4979 DEDI
832 4914 1108 4999 scalptor
1139 4914 1401 5000 dederit,
1448 4936 1532 4980 an
1579 4917 1753 5000 quod
1800 4935 2005 5000 aequo
2051 4917 2211 4999 iure,
2256 4937 2338 4983 ne
2383 4919 2592 4983 dicam
2637 4918 2902 4983 meliore
2947 4916 3379 5000 requisiveris‚
3424 4913 3680 4998 DEDE,
3725 4915 4005 4999 denique
4051 4933 4187 4979 cer-

566 5042 792 5103 tumne
839 5040 924 5103 sit
966 5038 1039 5102 ia
1083 5039 1547 5106 elementorum
1589 5041 1898 5124 reliquias
1943 5059 2275 5125 superesse
2320 5044 2508 5107 tertio
2554 5061 2746 5107 versu
2792 5047 3100 5122 extremO,
3155 5060 3240 5104 an
3286 5039 3470 5104 binas
3530 5038 3767 5103 veteris
3835 5037 3908 5106 A
3970 5039 4185 5105 hastas

566 5162 1009 5227 sinistrorsum
1055 5182 1413 5230 conversas.
1504 5165 1637 5248 sed,
1697 5168 1774 5228 ut
1819 5164 1976 5244 dixi,
2048 5185 2224 5230 nunc
2278 5165 2816 5251 acquiescendum
2873 5171 2970 5230 est
3023 5165 3092 5227 'm
3139 5183 3216 5228 ea
3274 5164 3545 5228 lectione
3593 5181 3788 5247 quam
3834 5160 4187 5228 Dessavius

567 5283 1027 5368 suppeditavit:
1076 5287 1381 5373 leguntur
1424 5289 1623 5374 igitur
1666 5290 1736 5353 in
1781 5288 2017 5355 tabella
2058 5290 2184 5355 ista
2227 5308 2427 5356 aenea
2482 5326 2567 5337 -
2623 5289 2809 5354 cuius
2854 5306 3189 5354 mensuras
3244 5286 3476 5352 addere
3532 5287 3740 5351 eidem
3786 5286 4188 5372 superfluum

3766 5415 3829 5472 1*
