4859 6392
2370 602 2447 665 11

601 839 663 884 v.
708 822 751 881 4
819 854 905 863 —
959 835 1110 880 nam
1156 814 1236 879 de
1281 818 1518 897 puncto
1562 812 1732 877 inter
1778 819 2117 897 utramque
2161 820 2405 898 partem
2452 817 2693 882 inserto
2741 835 2872 881 non
2917 824 3012 882 est
3060 819 3233 901 quod
3280 819 3490 885 dicam
3554 857 3640 868 —
3708 823 4012 904 vocalem,
4059 845 4223 909 quae

602 944 945 1026 utriusque
990 938 1258 1004 membri
1307 937 1792 1001 commissuram
1841 943 2125 1021 occupat,
2183 941 2469 1023 antiquis
2536 940 2738 1006 fuisse
2783 962 2838 1015 ο,
2905 943 3259 1006 recentiore
3322 950 3606 1028 tempore
3665 946 3710 1010 i.
3771 948 4016 1013 scilicet
4065 951 4217 1034 pri·-

600 1065 961 1149 moyenius
1024 1063 1266 1127 formae
1312 1062 1441 1125 nisi
1483 1078 1586 1125 me
1631 1059 1795 1124 fallit
1840 1062 2056 1146 opinio
2104 1070 2276 1127 certa
2340 1070 2594 1147 praeter
2648 1064 2770 1128 hoc
2829 1072 3118 1132 nostrum
3166 1066 3347 1131 nulla
3394 1074 3616 1133 extant
3660 1072 3983 1156 exempla:
4049 1080 4220 1139 certe

602 1191 778 1275 quod
824 1188 1185 1273 apographa
1233 1185 1545 1270 quaedam
1592 1186 1830 1249 saeculi
1875 1184 2005 1249 XV
2054 1186 2191 1250 sola
2236 1188 2304 1249 in
2348 1186 2661 1251 Varronis
2708 1188 2787 1252 de
2835 1189 3054 1273 lingua
3101 1190 3297 1255 latina
3352 1191 3518 1256 libro
3567 1194 3626 1275 6,
3674 1195 3758 1258 36
3815 1215 3929 1279 pro
3967 1196 4216 1280 primi-

597 1315 789 1400 9enia
832 1312 1141 1378 exhibent
1175 1309 1589 1395 primoyenii‚
1659 1309 1844 1373 nihili
1889 1329 2027 1374 esse
2074 1316 2574 1375 consentaneum
2620 1318 2733 1376 est.
2823 1318 2919 1377 est
2963 1321 3179 1379 autem
3232 1315 3392 1381 haec
3441 1317 3648 1383 forma
3700 1320 3870 1383 inter
3912 1321 4222 1403 paucissi-

601 1459 738 1504 mas
769 1437 1079 1522 quasdam
1110 1435 1398 1500 eiusdem
1432 1434 1686 1517 generis
1717 1435 2149 1518 perantiquas,
2195 1434 2395 1498 veluti
2424 1434 2839 1518 alboyalerus,
2887 1457 3016 1501 non
3061 1438 3464 1523 albiyalerus,
3513 1461 3808 1526 quaeque
3855 1462 3984 1507 non
4029 1443 4218 1526 plane

602 1565 695 1628 eis
741 1562 977 1628 similia
1024 1566 1174 1624 sunt
1219 1558 1542 1639 vioeurus,
1596 1556 1897 1640 curasan,
1953 1577 2289 1642 Crassupes
2333 1564 2596 1641 ceterae,
2651 1560 2720 1623 in
2767 1561 3003 1644 quibus
3050 1563 3291 1627 vocalis
3346 1564 3458 1628 illa
3502 1567 3829 1650 antiquior
3874 1574 3986 1631 aut
4030 1587 4220 1631 num-

604 1707 797 1773 quam
843 1684 1115 1769 expulsa
1160 1688 1257 1748 est
1302 1687 1413 1747 aut
1457 1682 1695 1747 mansit
1736 1683 1806 1745 in
1850 1700 1981 1745 non
2027 1682 2224 1746 nullis
2272 1685 2704 1748 monumentis
2757 1687 2998 1768 priscis
3063 1688 3249 1753 cuius
3313 1691 3684 1755 mutationis
3747 1691 3956 1774 legem
4014 1691 4220 1755 nostri

600 1811 997 1897 grammatici
1052 1810 1167 1871 vix
1221 1808 1581 1890 attigerunt.
1673 1825 1754 1870 ne
1812 1806 1934 1871 hoc
1982 1807 2247 1890 quidem
2293 1807 2479 1871 video
2527 1827 2637 1872 eos
2683 1809 3208 1875 animadvertisse
3257 1812 3361 1876 vel
3408 1813 3692 1878 secundo
3740 1816 4009 1879 tertiove
4055 1835 4113 1899 p.
4149 1813 4215 1878 C.

598 1937 854 2001 saeculo
920 1934 1244 2020 duplicem
1297 1932 1568 1996 formam
1614 1930 2069 2015 primopilaris
2124 1937 2187 1996 et
2250 1932 2698 2016 primipilaris
2775 1934 2843 1996 in
2914 1934 3117 1998 titulis
3174 1937 3243 1998 in
3307 1938 3671 2020 promiscuo
3727 1937 4013 2005 habitam
4059 1958 4217 2003 esse.

600 2067 665 2126 et
709 2060 788 2124 de
832 2061 933 2123 his
981 2057 1263 2142 quidem,
1310 2056 1461 2119 licet
1506 2059 1651 2119 ante
1698 2054 1903 2119 editos
1949 2055 2396 2140 sepulcrorum
2441 2056 2667 2121 titulos
2715 2057 2994 2122 urbanos
3040 2078 3264 2124 omnes
3295 2080 3424 2125 non
3463 2063 3664 2146 possit
3694 2061 3960 2145 absolvi,
4007 2069 4217 2127 tamen

600 2188 728 2250 iam
796 2203 973 2248 nunc
1037 2182 1353 2246 iudicium
1421 2186 1520 2244 sat
1585 2177 1914 2263 probabile
1972 2180 2212 2245 tuleris.
2326 2200 2477 2245 nam
2534 2201 2685 2245 cum
2733 2182 3002 2266 primus
3054 2183 3232 2267 pilus
3277 2192 3341 2248 et
3375 2186 3823 2270 primipilaris
3867 2187 4224 2252 secundum

600 2310 891 2394 regulam
937 2308 1167 2371 litteris
1212 2303 1649 2387 singularibus
1694 2324 1766 2387 p.
1807 2323 1879 2387 p.
1931 2303 2310 2384 scribantur,
2376 2310 2602 2369 extant
2664 2312 2878 2370 tamen
2942 2309 3292 2391 perscripta
3337 2314 3448 2373 aut
3493 2311 4006 2393 semiperscripta
4053 2311 4224 2375 haud

601 2435 689 2497 ita
733 2452 904 2496 raro:
954 2430 1235 2513 exempli
1279 2447 1477 2492 causa
1520 2429 1590 2490 in
1636 2424 1774 2490 CIL
1819 2428 2008 2491 tomis
2056 2430 2115 2494 3.
2166 2429 2220 2492 7.
2270 2429 2328 2492 8.
2378 2429 2433 2492 9.
2486 2429 2568 2493 10
2615 2428 2811 2493 habes
2846 2430 3294 2515 primipilaris
3355 2434 3710 2517 scripturae
3757 2434 4053 2519 exempla
4098 2441 4223 2499 tre·

601 2558 826 2635 decim,
868 2553 1323 2642 primopilaris
1368 2557 1686 2637 quattuor.
1776 2551 2176 2636 frequentius
2223 2558 2438 2617 autem
2507 2559 2582 2617 ut
2643 2574 2761 2638 par
2822 2567 2916 2620 est
2976 2554 3267 2621 homines
3312 2576 3389 2621 ea
3431 2557 3636 2621 forma
3691 2560 3792 2622 usi
3839 2563 4007 2637 sunt,
4054 2578 4220 2642 quae

601 2681 957 2746 secundum
1024 2698 1319 2744 normam
1386 2677 1633 2740 classici
1691 2676 2004 2739 sermonis
2058 2682 2285 2740 exacta
2341 2682 2492 2741 erat.
2583 2677 2695 2742 sed
2743 2683 2958 2743 tamen
3003 2698 3084 2743 ne
3128 2681 3200 2743 in
3245 2680 3367 2745 hoc
3414 2681 3672 2765 quidem
3721 2682 4035 2747 vocabulo
4082 2683 4220 2747 vol-

603 2807 766 2889 garis
812 2805 1263 2888 antiquiorque
1310 2799 1706 2866 consuetudo
1753 2800 2058 2864 radicitus
2104 2799 2356 2864 sublata
2399 2808 2516 2867 est.
2589 2837 2674 2848 -
2733 2823 2923 2887 porro
2970 2805 3257 2869 sincerae
3321 2807 3653 2870 vetustatis
3698 2808 4218 2891 praenestinique

600 2931 911 2994 sermonis
967 2928 1284 3013 peculiare
1344 2927 1603 3009 signnm
1664 2926 2005 3010 genetivus
2066 2929 2163 2987 est
2224 2922 2430 2988 Dimm
2442 2924 2550 3009 (s).
2661 2945 2811 2989 nam
2859 2944 3045 3010 posse
3090 2928 3284 2992 etiam
3349 2928 3427 2993 de
3475 2929 3688 2993 dativo
3736 2931 4019 3011 cogitari,
4086 2951 4216 3015 quo

599 3054 741 3117 iure
799 3053 1005 3116 editor
1063 3053 1427 3135 suspicetur
1492 3072 1550 3134 p.
1597 3052 1728 3113 454
1774 3049 1917 3113 adn.
1966 3050 2023 3131 2,
2088 3047 2276 3130 plane
2334 3049 2574 3132 ignoro.
2684 3050 2753 3112 in
2800 3051 2960 3115 cista
3004 3052 3426 3134 praenestina,
3492 3053 3570 3117 de
3627 3073 3755 3137 qua
3813 3055 3953 3119 dixi
3998 3054 4218 3136 Symb.

597 3177 736 3241 crit.
782 3197 840 3261 p.
891 3177 947 3259 7,
1011 3182 1265 3260 praeter
1318 3173 1591 3238 aliorum
1646 3173 1981 3238 nominum
2049 3172 2480 3236 nominativos
2547 3171 2735 3238 Iovos
2779 3180 2842 3239 et
2888 3173 3134 3239 Diama
3202 3174 3520 3259 leguntur.
3617 3184 3681 3242 et
3732 3179 3854 3243 hoc
3914 3181 4220 3262 quoniam

596 3301 932 3365 manifesto
979 3300 1311 3384 scalptoris
1355 3300 1559 3363 errori
1604 3296 1891 3379 debetur,
1945 3304 2083 3363 tum
2130 3296 2391 3380 quidem
2437 3296 2626 3361 Ioves
2681 3317 2939 3381 quoque
2985 3317 3199 3363 errore
3263 3303 3477 3384 potius
3525 3322 3720 3386 qnam
3766 3304 4032 3367 consilio
4079 3324 4225 3389 pro-

596 3431 883 3490 creatum
949 3442 1087 3488 esse
1153 3424 1317 3488 dixi:
1384 3424 1615 3508 negavi
1662 3428 1877 3487 autem
1921 3422 2185 3505 cogitari
2231 3439 2416 3505 posse
2463 3420 2543 3485 de
2589 3420 2766 3486 Iovis
2812 3423 3072 3487 nomine
3120 3424 3440 3490 secundae
3509 3425 3918 3491 declinationi
3962 3430 4220 3511 inserto,

594 3550 904 3634 quoniam
961 3547 1276 3612 Oscorum
1329 3547 1726 3614 Umbrorum
1783 3547 2051 3611 aliarum
2112 3547 2404 3629 gentium
2468 3543 2830 3610 italicarum
2873 3565 3170 3613 sermone
3215 3550 3454 3634 pariter
3498 3556 3691 3634 atque
3746 3551 3944 3615 latino
3990 3555 4220 3618 tertiae

595 3675 663 3739 id
708 3692 946 3738 nomen
992 3679 1355 3737 constanter
1400 3671 1799 3737 attribuatur.
1868 3689 2043 3735 nunc
2090 3671 2247 3754 quid
2290 3672 2387 3735 rei
2432 3671 2518 3734 sit
2561 3671 2801 3735 rectius
2845 3674 3182 3757 perspiciO.
3263 3694 3414 3738 nam
3461 3682 3524 3739 et
3569 3677 4007 3739 nominativus
4039 3676 4220 3742 Iovis

595 3807 659 3863 et
700 3800 1039 3884 genetivus
1085 3796 1318 3862 Diovis
1363 3797 1796 3862 Praenestinis
1839 3796 1869 3860 i
1914 3793 2119 3859 vocali
2164 3793 2234 3856 in
2278 3813 2328 3857 u
2373 3792 2728 3876 obscurata,
2787 3796 2960 3879 quod
3015 3798 3169 3861 item
3223 3796 3462 3863 factum
3517 3818 3656 3864 esse
3710 3801 3775 3864 in
3839 3801 4210 3887 nationu(s)

594 3925 895 4007 genetivo
944 3922 1257 4004 fidemne,
1320 3922 1521 3987 Iovus
1565 3927 1629 3985 et
1675 3919 1931 3986 Dim-us
1977 3917 2309 3983 sonabant.
2403 3925 2470 3983 at
2513 3919 2901 4003 praecedens
2967 3922 3176 3985 vocali
3238 3942 3367 3988 vau
3430 3930 3504 3988 ut
3567 3924 3722 3989 alibi
3767 3926 3856 3988 ita
3908 3923 4012 3988 hic
4060 3945 4219 4009 quo·

597 4067 725 4130 que
769 4069 820 4111 u
866 4048 1150 4111 vocalem
1194 4066 1418 4111 rursus
1465 4048 1533 4110 in
1579 4065 1616 4109 o
1662 4044 1837 4109 abire
1885 4046 2106 4129 coegit.
2198 4044 2551 4109 rectissime
2615 4044 2813 4127 igitur
2872 4050 3146 4129 utraque
3207 4046 3414 4111 forma
3469 4068 3537 4112 se
3582 4048 3776 4114 habet
3818 4068 4032 4132 neque
4079 4050 4214 4114 ullo

593 4171 791 4236 distat
821 4172 1190 4237 discrimine
1237 4190 1275 4234 a
1305 4169 1596 4234 mutandi
1633 4188 1823 4234 sonos
1867 4189 2093 4234 norma
2127 4188 2223 4252 ea,
2268 4170 2374 4233 cui
2409 4167 2975 4233 Praenestinorum
3009 4169 3513 4255 Latinorumque
3562 4192 3770 4238 sermo
3803 4173 4086 4258 parebat.
4129 4212 4213 4221 -

595 4303 943 4380 supersunt
987 4296 1222 4360 omissa
1266 4295 1629 4359 dativorum
1675 4293 1704 4357 i
1748 4293 2074 4377 dubiaque
2118 4292 2300 4359 verbi
2346 4293 2494 4358 dedi
2538 4292 2781 4375 ultima,
2848 4293 2927 4359 de
2976 4313 3104 4377 qua
3148 4294 3334 4359 initio
3383 4298 3621 4379 monui,
3687 4296 3719 4359 i
3770 4297 3875 4362 vel
3920 4319 3968 4380 e,
4039 4298 4216 4363 deni-

597 4440 722 4504 que
776 4421 838 4485 ei
889 4441 1004 4505 pro
1057 4422 1088 4484 i
1131 4420 1441 4503 scriptum
1494 4418 1564 4481 in
1616 4417 1810 4501 βιαία.
1901 4437 1975 4481 ac
2029 4417 2110 4481 de
2165 4417 2295 4481 illis
2352 4415 2616 4501 quidem
2670 4421 2824 4482 nota
2877 4436 3224 4502 recoquere
3278 4419 3442 4483 nihil
3489 4421 3729 4484 attinet.
3831 4421 3911 4485 de
3956 4422 4076 4486 hoc
4123 4423 4216 4486 sic

592 4543 846 4611 habet0.
938 4544 1250 4626 decreirit,
1310 4540 1552 4628 pleibes
1618 4542 1921 4627 quodque
1977 4560 2187 4626 nuper
2240 4561 2275 4605 e
2329 4541 2733 4624 praenestino
2779 4541 2967 4606 titulo
3015 4544 3435 4627 cognovimus
3490 4545 3759 4629 leiyibus
3814 4546 3988 4611 unde
4035 4546 4218 4631 diph-

594 4669 879 4754 thongon
945 4670 1275 4751 traxerint,
1342 4667 1459 4730 vix
1521 4665 1905 4731 crediderim
1949 4664 2224 4749 amplius
2270 4665 2698 4749 disceptatum
2744 4666 2851 4729 iri:
2920 4666 3101 4751 fileia
3156 4669 3270 4752 qui
3323 4670 3577 4753 scripsit
3629 4689 3747 4753 pro
3804 4670 3973 4753 silea,
4045 4672 4218 4755 quod

595 4799 888 4858 veterum
954 4791 1519 4858 Praenestinorum
1586 4794 1945 4856 sermonem
2019 4789 2352 4855 admisisse
2421 4790 2631 4855 cuivis
2699 4795 2925 4854 notum
2996 4797 3110 4874 est,
3180 4792 3340 4856 mihi
3409 4794 3668 4860 videtur
3733 4795 3905 4859 haud
3980 4815 4213 4880 magno

592 4916 894 4982 dictionis
940 4917 1304 4982 discrimine
1352 4916 1431 4981 ab
1479 4936 1554 4981 eo
1601 4915 1956 5000 diremptus
2001 4932 2158 4996 esse,
2220 4914 2334 4998 qui
2378 4914 2788 4978 decantatum
2847 4913 3010 4978 illud
3073 4914 3433 5000 inpeiratw
3483 4926 3900 4987 monumento
3954 4918 4214 5003 publico

594 5042 831 5107 intulit.
925 5042 1169 5106 scilicet
1214 5042 1404 5106 etiam
1454 5062 1487 5105 e
1531 5040 1726 5106 breve
1771 5041 1841 5103 in
1887 5057 2120 5105 sonum
2174 5037 2205 5102 i
2248 5037 2613 5103 declinabat
2675 5040 2811 5103 sive
2881 5039 2948 5105 id
2995 5039 3204 5103 vocali
3249 5042 3657 5124 praecederet
3711 5045 3850 5109 sive
3896 5061 4213 5107 consonae

592 5164 907 5249 liquidae:
954 5186 1184 5232 verum
1226 5168 1298 5230 in
1343 5165 1779 5231 monumentis
1818 5162 2077 5229 saeculo
2123 5170 2307 5228 sexto
2353 5162 2820 5227 recentioribus
2865 5163 3184 5228 eiusmodi
3231 5163 3686 5230 declinationes
3732 5167 3935 5251 magis
3979 5168 4214 5251 magis-

590 5308 723 5372 que
770 5309 1104 5356 evanuere.
1196 5309 1328 5374 qua
1373 5290 1453 5354 de
1498 5307 1568 5353 re
1614 5288 1755 5353 dixi
1798 5286 2017 5370 Symb.
2063 5308 2120 5371 p.
2169 5288 2254 5352 28
2301 5293 2366 5353 et
2409 5287 2722 5371 prooemii
2768 5306 2823 5351 a.
2876 5286 3120 5374 1883s4
3167 5308 3227 5372 p.
3283 5290 3363 5359 13
3410 5308 3457 5353 s.
3514 5309 3596 5354 ne
3641 5298 3857 5357 tamen
3911 5290 4214 5356 dissimu-

3786 5419 3855 5476 2*
