4859 6392
2510 595 2550 659 6

714 810 967 891 liberos,
1028 809 1249 875 Iovem
1310 810 1775 896 Iunonemque.
1868 812 1979 876 sed
2028 811 2179 875 huic
2223 810 2544 875 Fortunae
2592 831 2672 874 an
2721 810 3149 894 Primigeniae
3213 828 3564 896 cognomen
3632 810 3828 874 fuerit
3877 829 4010 874 non
4054 812 4444 873 constat:

714 935 835 998 hoc
902 939 1151 998 constat
1217 952 1358 997 eam
1426 933 1905 1021 Primigeniam,
1968 936 2074 999 cui
2138 935 2381 1019 lapides
2449 935 2564 1017 illi,
2631 940 2763 999 tam
2829 935 3247 1019 perantiquus
3303 954 3498 1018 quam
3554 939 3861 1015 recenteS,
3931 936 4092 997 sacri
4143 933 4442 1011 fuere,

715 1077 1037 1144 quamque
1084 1058 1258 1122 Iovis
1302 1058 1501 1122 filiam
1546 1060 1994 1144 primigeniam
2040 1059 2237 1123 fuisse
2284 1058 2604 1141 audimuS,
2665 1061 2736 1122 in
2799 1059 2956 1123 aede
2998 1058 3304 1142 primaria
3364 1058 3600 1122 cultam
3662 1077 3820 1123 esse.
3913 1057 4096 1121 nulla
4141 1057 4436 1140 igitur

710 1186 878 1247 inter
922 1183 1213 1267 lapidum
1258 1183 1622 1247 testimonia
1649 1184 2065 1267 Tulliumque
2112 1183 2431 1247 discordia
2477 1190 2598 1247 est:
2647 1183 2760 1247 sed
2808 1181 3248 1267 quaerendum
3295 1182 3455 1264 quid
3495 1181 3922 1265 Primigeniae
3958 1200 4418 1265 cognomen,

713 1307 871 1392 quid
940 1307 1117 1371 Iovis
1184 1310 1390 1390 patria
1455 1313 1735 1390 potestas
1804 1309 1873 1371 in
1943 1308 2140 1371 altero
2208 1309 2495 1387 numine,
2577 1308 2734 1390 quid
2807 1309 2878 1370 in
2956 1306 3154 1369 altero
3223 1325 3574 1389 puerorum
3651 1306 4026 1369 lactentium
4104 1307 4406 1369 caritas

710 1431 1093 1517 significent.

1033 1560 1095 1618 et
1138 1555 1584 1640 primoyenius
1631 1555 1892 1639 quidem
1940 1556 2345 1635 vocabulum,
2410 1575 2604 1638 quam
2647 1555 2918 1619 formam
2982 1556 3228 1638 volgari
3296 1574 3462 1638 quae
3525 1562 3620 1618 est
3673 1554 4118 1638 pn‘miyem'us
4164 1561 4390 1617 ante-

708 1681 946 1744 riorem
993 1697 1132 1743 esse
1178 1698 1354 1743 nunc
1398 1680 1683 1762 primum
1728 1679 2073 1743 didicimus
2119 1716 2207 1727 —-
2252 1686 2538 1743 revertar
2597 1679 2762 1743 infra
2809 1679 2890 1743 ad
2936 1679 3407 1763 explanandam
3453 1679 3650 1742 huius
3700 1677 4164 1742 vicissitudinis
4212 1678 4380 1741 ori—

710 1804 925 1888 ginem
972 1840 1060 1849 —-
1106 1808 1170 1866 et
1236 1804 1407 1881 circa
1448 1802 1644 1866 Tullii
1715 1808 1989 1867 aetatem
2058 1804 2420 1868 obsoletum
2480 1804 2606 1867 fuit
2667 1804 2916 1887 solique
2978 1804 3110 1867 fere
3157 1802 3433 1866 Varroni
3493 1802 3805 1867 familiare
3874 1808 3938 1866 et
3989 1808 4130 1886 post
4184 1821 4360 1865 eam

711 1933 981 1992 aetatem
1032 1946 1390 2011 paucorum
1450 1947 1579 1991 usu
1631 1934 2072 2011 propagatum.
2169 1949 2206 1991 a
2252 1927 2544 1992 Varrone
2604 1929 2804 2012 igitur
2862 1927 3243 1991 discendum
3301 1930 3398 1990 est
3443 1927 3602 2011 quid
3649 1925 4121 2010 significaverit.
4215 1927 4360 2009 qui

710 2072 854 2116 cum
918 2050 1315 2135 primigenia
1378 2052 1632 2115 semina
1701 2054 2022 2115 contraria
2082 2051 2382 2115 habuerit
2445 2053 2557 2132 eis,
2630 2072 2796 2136 quae
2863 2052 3074 2115 coloni
3142 2052 3540 2136 experientia
3599 2051 3936 2135 postmodo
3995 2050 4350 2123 invenerit,

698 2174 1101 2260 primiqenia
1145 2174 1337 2239 verba
1381 2175 1493 2256 eia,
1554 2194 1719 2258 quae
1766 2176 2269 2241 declinationum
2314 2178 2620 2241 varietate
2664 2178 2734 2240 in
2780 2177 3021 2261 species
3065 2176 3377 2259 plurimas
3422 2175 3846 2260 multiplicata
3889 2176 4037 2256 sint,
4082 2173 4339 2259 primi-

701 2300 971 2384 qenium
1001 2304 1217 2363 autem
1247 2299 1507 2363 sulcum
1537 2336 1621 2345 -
1652 2319 1802 2363 nam
1834 2300 1993 2364 haec
2025 2320 2284 2384 quoque
2311 2301 2546 2385 glossa,
2596 2320 2760 2384 quae
2792 2306 2886 2363 est
2932 2300 3103 2383 apud
3132 2299 3395 2363 Festum
3439 2320 3501 2383 p.
3533 2298 3680 2380 236,
3727 2318 3762 2362 e
3799 2298 4113 2363 Varronis
4151 2296 4337 2360 libris

705 2423 901 2488 fluxit
950 2458 1032 2469 —-
1081 2443 1121 2486 a
1166 2442 1295 2506 quo
1341 2422 1522 2486 urbis
1576 2424 1947 2488 condendae
2007 2425 2399 2509 principium
2462 2424 2671 2506 fiebat,
2737 2424 3078 2487 secreverit
3138 2422 3219 2486 ab
3282 2425 3374 2487 eis
3436 2424 3633 2488 sulcis
3696 2423 3937 2507 quibus
3999 2412 4329 2507 postmodo

707 2548 847 2630 agri
892 2545 1252 2629 arabantur,
1316 2546 1596 2630 denique
1659 2547 1894 2612 victui-3
1954 2549 2482 2613 consuetudinem
2537 2547 3006 2632 primiyeniam
3071 2554 3135 2611 et
3182 2547 3566 2631 pecuariam
3601 2546 4074 2632 primiyeniam
4119 2566 4154 2608 a
4197 2543 4327 2608 cul-

705 2672 943 2734 tiorum
991 2676 1352 2754 temporum
1398 2671 1704 2750 moribuS,
1768 2679 1940 2736 certo
1998 2678 2245 2736 constat
2292 2672 2488 2735 fuisse
2533 2671 2812 2735 Varroni
2851 2671 3327 2754 primi-<lenium
3394 2672 3774 2756 quidquid
3838 2672 4164 2756 primum
4204 2686 4325 2752 ge-

704 2796 951 2858 nitum
998 2796 1099 2858 sit
1141 2796 1593 2878 primaeque
1640 2802 1898 2859 servet
1950 2799 2360 2880 geniturae
2423 2798 2759 2880 signum:
2826 2795 2946 2858 hoc
2991 2802 3106 2875 est,
3176 2802 3250 2858 ut
3311 2795 3649 2860 Lucretius
3704 2798 3810 2874 ait,
3865 2795 4322 2879 primeymum,

706 2924 780 2981 ut
825 2917 1231 2999 Plutarchus,
1288 2919 1400 3001 qui
1449 2918 1529 2981 ab
1578 2920 1887 3001 ampliore
1933 2920 2456 3003 interpretatione
2520 2919 2831 2983 abstinuit
2875 2917 3048 2983 Fort.
3095 2918 3280 2984 Rom.
3330 2940 3382 2983 c.
3435 2921 3538 3003 10,
3597 2915 4033 3007 πρωτόγονον.
4122 2932 4318 2997 neque

705 3041 884 3104 aliud
932 3038 1091 3125 quid
1135 3042 1288 3105 huic
1332 3043 1655 3107 vocabulo
1699 3049 1813 3106 aut
1856 3044 1927 3106 in
1970 3044 2195 3128 paucis
2241 3045 2688 3125 recentiorum,
2753 3062 2914 3126 quos
2979 3062 3055 3106 eo
3122 3062 3272 3107 usos
3337 3063 3476 3108 esse
3531 3044 3687 3125 dixi,
3750 3045 4130 3127 scriptorum
4170 3037 4312 3102 locis

704 3164 1023 3228 subicitur
1067 3172 1177 3228 aut
1222 3170 1431 3249 potest
1475 3166 1685 3230 subici
1731 3187 1770 3230 a
1814 3186 2160 3250 quoquam,
2208 3168 2321 3250 qui
2368 3168 2508 3230 eius
2552 3168 2822 3249 genesin
2866 3172 3037 3230 recte
3079 3168 3524 3230 aestimaverit.
3617 3186 3982 3251 quanquam
4028 3162 4186 3247 quod
4227 3160 4301 3221 de

700 3306 829 3351 usu
872 3289 1303 3352 recentiorum
1348 3292 1739 3374 scriptorum
1783 3291 1944 3374 dixi,
2010 3297 2085 3354 ut
2148 3310 2327 3354 nunc
2387 3310 2492 3354 res
2554 3296 2667 3371 est,
2728 3296 2913 3355 caute
2970 3289 3315 3354 dicendum
3370 3309 3508 3354 esse
3555 3292 3707 3356 sci0.
3798 3306 4100 3375 perpauca
4142 3284 4294 3348 enim

700 3412 898 3476 huius
948 3431 1104 3475 usus
1150 3414 1447 3497 exempla
1492 3415 1561 3477 in
1609 3415 1821 3478 lexica
1866 3415 2068 3479 relata
2131 3420 2283 3479 sunt
2349 3432 2562 3497 neque
2622 3415 2815 3477 nimis
2878 3415 3080 3478 multa
3145 3415 3366 3478 inveni
3413 3416 3709 3497 quamvis
3756 3412 4112 3497 quaerendo
4155 3424 4296 3493 quae

702 3534 991 3597 nondum
1037 3537 1107 3597 in
1154 3555 1229 3599 ea
1274 3537 1473 3600 relata
1518 3539 1668 3601 sint.
1764 3538 1877 3601 sed
1921 3539 2093 3603 inter
2138 3537 2293 3601 haec
2340 3539 2554 3601 omnia
2600 3539 2915 3633 exempla,
2976 3557 3012 3602 e
3083 3537 3320 3621 quibus
3388 3538 3663 3602 multum
3732 3538 3946 3601 tribuo
4016 3539 4107 3601 eis
4163 3548 4304 3617 quae

704 3664 929 3722 extant
975 3659 1147 3742 apud
1194 3661 1593 3743 Appuleium
1641 3670 1835 3745 atque
1882 3661 2268 3741 Arnobium,
2338 3680 2420 3724 ne
2486 3681 2690 3724 unum
2757 3661 3016 3745 quidem
3061 3662 3299 3744 inveni,
3370 3662 3541 3746 quod
3604 3661 3686 3725 ab
3750 3681 3824 3725 eo
3887 3680 4086 3744 quem
4142 3654 4312 3721 statui

703 3801 897 3845 sensu
944 3802 1209 3865 prorsus
1257 3784 1588 3868 discrepet.
1682 3805 1829 3848 nam
1881 3785 2054 3867 quod
2101 3784 2489 3867 aliquotiens
2549 3787 2620 3849 in
2675 3789 2767 3849 eis
2812 3785 3268 3869 primigenium
3313 3786 3380 3849 id
3427 3785 3672 3849 dictum
3715 3790 3812 3849 est
3857 3785 4034 3868 quod
4082 3805 4120 3848 a
4164 3782 4319 3868 prin-

704 3907 869 3989 cipio
917 3905 1039 3968 fuit
1090 3907 1229 3969 sive
1278 3907 1451 3990 quod
1499 3910 1632 3972 vim
1678 3908 1870 3972 habet
1914 3908 2325 3992 primitivam,
2370 3909 2552 3971 nullo
2599 3909 2965 3972 discrimine
3008 3908 3128 3971 hoc
3160 3908 3351 3972 distat
3395 3909 3475 3972 ab
3523 3928 3597 3972 eo
3647 3909 3822 3993 quod
3865 3910 4117 3992 primae
4160 3905 4320 3991 geni·

704 4037 886 4093 turae
948 4030 1205 4112 signum
1273 4030 1478 4093 habet.
1574 4033 1955 4116 plerumque
2026 4037 2239 4094 autem
2310 4030 2390 4094 ad
2456 4035 2766 4096 amussim
2840 4033 3141 4095 convenit
3199 4032 3429 4096 horum
3493 4033 3876 4116 scriptorum
3938 4029 4327 4097 consuetudo

702 4154 1157 4217 varronianae:
1207 4154 1411 4218 veluti
1456 4175 1604 4219 cum
1651 4155 1984 4220 Arnobius
2033 4156 2090 4237 2,
2140 4155 2219 4217 61
2290 4155 2408 4219 deo
2457 4154 2938 4219 concedendum
2984 4174 3120 4219 esse
3191 4155 3345 4218 dicit
3410 4160 3485 4218 ut
3551 4158 3711 4219 sciat
3762 4162 4198 4240 supernatum
4251 4152 4334 4218 sit

703 4276 960 4360 aliquid
1022 4297 1115 4340 cm
1179 4282 1362 4340 ortus
1418 4278 1850 4361 pnmiyenios
1909 4278 2151 4359 habeat,
2208 4284 2270 4342 et
2322 4279 2566 4343 ibidem
2620 4298 2671 4341 c.
2732 4279 2834 4358 70,
2888 4298 3037 4342 cum
3091 4285 3155 4342 et
3207 4277 3428 4342 Iovem
3484 4286 3547 4343 et
3592 4284 3836 4344 ceteros
3883 4279 4037 4343 deos
4093 4284 4253 4343 certo
4294 4296 4336 4339 a

706 4406 982 4485 tempore
1026 4420 1166 4465 esse
1215 4401 1623 4484 demonstrat,
1669 4404 1840 4466 idem
1888 4401 2044 4465 dicit
2088 4403 2314 4465 cadere
2360 4404 2430 4466 in
2475 4402 2854 4481 Minervam,
2900 4404 3139 4485 quippe
3188 4421 3354 4485 quae
3397 4422 3526 4466 non
3572 4402 3768 4466 fuerit
3809 4422 4036 4467 rerum
4080 4405 4160 4466 in
4201 4420 4331 4464 nu·

705 4545 897 4604 mero,
968 4532 1115 4588 ante
1164 4544 1357 4608 quam
1404 4525 1609 4608 capite
1654 4523 1833 4589 Iovis
1877 4530 2065 4589 enata
2108 4526 2231 4589 sit:
2302 4525 2488 4590 habet
2529 4545 2672 4610 eryo
2707 4525 3139 4610 pimiyenios
3182 4531 3364 4590 ortus
3409 4545 3461 4590 e.
3503 4548 3561 4610 q.
3601 4546 3669 4607 s.,
3737 4525 3852 4591 ‘sie
3896 4526 4006 4590 hat
4051 4527 4186 4589 also
4234 4525 4332 4588 ein

709 4654 907 4711 erstes
954 4648 1330 4712 entstehen.’
1426 4648 1598 4731 quod
1645 4668 1795 4711 cum
1840 4668 1973 4712 non
2018 4650 2417 4733 intellegeret
2462 4649 2670 4714 editor
2713 4649 3000 4728 ultimuS,
3065 4650 3303 4712 inserta
3378 4656 3525 4714 ante
3585 4649 3770 4713 habet
3829 4648 4146 4732 particula
4205 4665 4338 4711 non

707 4791 969 4835 sensum
1034 4773 1546 4854 sententiamque
1617 4790 1875 4837 omnem
1944 4772 2225 4837 abstulit.
2345 4773 2630 4856 denique
2694 4790 2958 4855 prorsus
3027 4773 3326 4835 convenit
3389 4775 3808 4837 varronianae
3869 4770 4338 4850 consuetudini,

709 4896 883 4979 quod
928 4895 1243 4959 Hercules
1290 4894 1677 4979 aliquotiens
1724 4896 2163 4979 Primigenius
2207 4897 2450 4960 dicitur
2491 4896 2800 4958 nimirum
2845 4892 3020 4958 Iovis
3073 4893 3264 4977 filius,
3333 4900 3409 4958 ut
3473 4896 3641 4959 infra
3695 4895 3962 4976 dicetur,
4035 4893 4338 4977 qnodque

711 5018 961 5083 Claudii
1008 5020 1410 5103 imperatoris
1455 5024 1659 5083 aetate
1704 5018 2047 5102 duplicatis
2093 5019 2460 5104 legionibus
2505 5017 2753 5082 decima
2798 5018 3023 5101 quinta
3066 5022 3131 5080 et
3175 5018 3478 5081 vicesima
3521 5018 3720 5081 altera
3747 5017 4182 5101 Primigeniae
4226 5034 4340 5081 eae

709 5148 1016 5224 putantur
1062 5142 1268 5206 dictae
1313 5161 1471 5223 esse,
1535 5161 1700 5226 quae
1745 5146 1966 5205 vetera
2009 5144 2194 5226 signa
2246 5142 2647 5207 retinuerint.
2696 5177 2780 5189 --
2829 5159 2994 5223 quae
3038 5159 3188 5203 cum
3232 5140 3323 5204 ita
3367 5140 3513 5223 sint,
3566 5141 3812 5205 urbana
3857 5158 4122 5223 quoque
4169 5140 4334 5205 For-

712 5268 878 5328 tuna
910 5264 1313 5350 pn‘miyenia
1357 5267 1478 5329 erit
1521 5267 1803 5349 primum
1848 5266 2090 5348 genita:
2141 5274 2204 5331 et
2248 5268 2305 5330 si
2350 5286 2388 5329 a
2435 5264 2871 5329 Praenestinis
2916 5265 3116 5347 petita
3157 5266 3258 5348 sit,
3318 5284 3448 5348 qua
3492 5264 3574 5329 de
3617 5282 3687 5329 re
3730 5263 3902 5327 infra
3944 5262 4178 5345 dicam,
4221 5262 4343 5326 erit
