4859 6392
2428 616 2511 680 10

660 847 939 912 namque
982 829 1430 913 primigeniam
1474 826 1649 889 Iovis
1693 826 1888 890 filiam
1939 832 2116 891 extat
2161 830 2532 913 exemplum
2596 829 2699 894 dei
2744 828 2998 911 deaeve,
3065 830 3177 913 qui
3224 834 3334 894 aut
3379 835 3648 895 aetatem
3694 832 4006 915 puerilem
4049 834 4270 919 aliquo

660 953 848 1016 modo
892 971 1044 1038 prae
1090 971 1160 1016 se
1203 952 1412 1015 ferant
1456 956 1571 1015 aut
1613 950 1731 1013 filii
1777 950 1930 1013 dien·
1977 952 2130 1014 sint:
2204 971 2415 1036 neque
2485 953 2656 1016 enim
2722 972 2949 1017 vereor
2991 954 3222 1038 nequis
3268 952 3611 1019 Caeculum
3660 955 3937 1021 Volcani
3980 958 4186 1022 filium
4231 979 4271 1023 e

658 1077 1081 1160 praenestinis
1144 1077 1256 1159 qui
1302 1075 1600 1139 feruntur
1642 1074 1827 1138 libris
1874 1076 2153 1160 arripiat,
2223 1076 2438 1160 oppidi
2486 1076 2897 1158 conditorem,
2961 1084 3072 1142 aut
3114 1076 3466 1142 Herculem
3510 1080 3824 1163 pusillum
3870 1078 4270 1148 bullatumve

524 1244 541 1263 .
657 1220 695 1264 a
742 1200 1134 1264 Graecorum
1178 1199 1543 1263 traductum
1588 1200 1899 1283 poematis
1943 1200 2357 1286 artificiisque
2404 1205 2517 1264 aut
2559 1202 2847 1283 iuvenili,
2907 1221 3035 1266 non
3080 1203 3284 1285 pueri,
3337 1201 3542 1266 forma
3586 1203 3888 1269 indutum
3936 1205 4268 1274 Veiovem.

657 1325 769 1388 sed
816 1329 1162 1408 supersunt
1207 1324 1470 1389 dearum
1518 1325 1831 1408 imagines
1877 1329 1973 1387 sat
2018 1323 2258 1388 multae
2303 1326 2672 1409 argilaceae,
2719 1332 3005 1409 repertae
3051 1325 3199 1390 illae
3244 1327 3312 1389 in
3355 1324 3719 1412 Campania,
3766 1348 3932 1412 quae
3977 1331 4270 1397 sedentes

657 1451 725 1512 in
774 1449 1018 1532 gremio
1065 1447 1283 1512 fovent
1328 1447 1568 1512 liberos
1613 1448 1935 1531 parvulos.
2029 1467 2140 1512 eae
2210 1468 2339 1532 quo
2407 1451 2666 1514 nomine
2722 1450 3054 1514 donandae
3100 1452 3246 1532 sint,
3311 1470 3492 1514 nunc
3559 1470 3816 1535 quoque
3863 1452 4266 1538 disceptatur.

658 1573 926 1637 eandem
988 1572 1259 1636 formam
1320 1572 1605 1636 referunt
1666 1572 1909 1655 aliquot
1968 1573 2278 1656 imagines
2323 1572 2587 1657 Eponae
2652 1574 2806 1638 deae
2870 1593 3140 1657 eamque
3207 1593 3243 1639 e
3288 1569 3722 1664 κουροτρόφου
3767 1577 4111 1662 archetypo
4155 1598 4268 1643 ex·

656 1717 941 1783 pressam
1007 1716 1145 1760 esse
1214 1698 1369 1761 satis
1434 1702 1681 1760 constat
1746 1696 1837 1778 (v.
1903 1715 2068 1778 quae
2130 1696 2429 1760 adnotavi
2489 1700 2556 1762 in
2604 1697 2888 1762 Prellero
2946 1700 3004 1780 2,
3052 1698 3178 1761 227
3227 1696 3330 1784 8.).
3421 1699 3521 1763 his
3563 1700 3959 1783 imaginibus
4004 1702 4268 1766 dearum

659 1841 826 1906 quae
894 1822 1116 1884 matris
1183 1821 1562 1903 cognomine
1628 1821 1892 1903 antiquo
1963 1826 2297 1884 uterentur
2357 1828 2652 1885 naturam
2721 1823 2957 1906 optime
3019 1823 3364 1907 significari
3431 1830 3937 1889 consentaneum
3981 1832 4091 1891 est.
4186 1826 4264 1890 ad

661 1945 1011 2011 earundem
1050 1944 1379 2027 exemplar
1407 1944 1705 2027 equidem
1738 1963 1855 2027 ego
1887 1948 2361 2027 praenestinum
2395 1945 2714 2010 Fortunae
2754 1947 3010 2030 signum
3055 1946 3618 2031 redintegraverim
3661 1968 3792 2013 non
3825 1949 4268 2033 Primigeniae,

655 2092 882 2135 verum
930 2071 1124 2147 iuius,
1189 2089 1381 2154 quam
1428 2068 1717 2132 Puerum
1764 2069 1981 2133 Iovem
2028 2069 2474 2153 Iunonemque
2541 2071 2894 2154 parvulam,
2962 2071 3316 2154 singularia
3381 2072 3550 2136 inter
3616 2073 3864 2137 italicas
3923 2075 4264 2159 religiones

654 2197 942 2278 numina,
987 2196 1221 2259 fovisse
1268 2193 1568 2257 vidimus,
1663 2200 1724 2255 et
1789 2193 2137 2277 quaerendi
2187 2194 2448 2277 quidem
2496 2194 3101 2279 demonstrandique
3146 2196 3250 2258 via
3296 2195 3502 2259 solida
3545 2197 3625 2260 ad
3671 2197 3845 2261 hunc
3889 2218 4096 2282 usque
4141 2207 4263 2263 ter·

654 2323 902 2385 minum
950 2321 1250 2405 pertinet:
1300 2320 1609 2382 nimirum
1657 2319 1845 2382 certis
1892 2319 2287 2401 argumentis
2332 2324 2464 2381 tam
2509 2317 2794 2382 Puerum
2838 2320 3058 2383 Iovem
3104 2320 3175 2382 in
3219 2320 3463 2402 gremio
3496 2319 3816 2385 Fortunae
3861 2323 4124 2388 alterius
4168 2344 4264 2388 se-

655 2447 913 2509 dentem
982 2464 1175 2528 quam
1242 2446 1446 2528 ipsam
1494 2442 1840 2505 Fortunam
1889 2442 2149 2505 alteram
2198 2439 2423 2505 Diovis
2489 2442 2685 2506 filiam
2759 2444 3221 2527 primogeniam
3281 2464 3319 2507 a
3364 2442 3674 2507 similium
3720 2464 4049 2510 sacrorum
4095 2466 4260 2511 com-

655 2570 981 2653 paratione
1027 2588 1289 2652 prorsus
1336 2568 1596 2630 destitui
1645 2566 2058 2630 ostendimus.
2152 2566 2322 2650 quod
2368 2567 2688 2649 reliquom
2759 2572 2871 2648 est,
2938 2572 3012 2631 ut
3073 2568 3230 2650 quid
3277 2569 3551 2631 moverit
3596 2569 3769 2632 cives
3813 2568 4259 2635 Praenestinos

657 2700 732 2757 ut
775 2693 929 2757 bina
971 2693 1131 2756 haec
1176 2693 1443 2755 munina
1488 2690 1776 2753 abnormi
1825 2690 2091 2753 consilio
2140 2690 2346 2753 efficta
2393 2692 2689 2770 colerent,
2757 2690 3233 2775 suspicionibus
3279 2691 3674 2775 indagemur,
3725 2692 3930 2757 bonae
3973 2694 4263 2759 fortunae

654 2819 858 2901 magis
907 2837 1099 2901 quam
1144 2815 1350 2878 bonae
1383 2816 1515 2899 spei
1558 2834 1718 2897 opus
1750 2834 1889 2878 esse
1921 2816 2408 2879 aestimaverim.
2489 2834 2689 2899 quare
2734 2815 2909 2898 quod
2955 2816 3112 2878 mihi
3161 2815 3239 2878 de
3286 2816 3385 2879 his
3431 2816 3625 2880 rebus
3669 2822 3933 2899 constat,
3977 2824 4264 2882 extremo

655 2940 1111 3005 commentario
1180 2940 1401 3023 paucis
1469 2938 1842 3022 timidisque
1909 2939 2122 3004 verbis
2185 2938 2541 3023 explicabo,
2635 2958 2811 3003 nunc
2855 2939 3305 3003 revertendum
3352 2945 3450 3002 est
3492 2941 3664 3004 unde
3708 2941 3974 3023 profecti
4022 2961 4259 3022 sumuS,

655 3066 735 3130 ad
785 3065 1044 3129 titulum
1090 3065 1305 3147 ipsum
1353 3064 1695 3126 lamminae
1742 3082 1974 3127 aeneae
2019 3064 2420 3148 inscriptum.
2511 3063 2590 3126 de
2628 3065 2814 3127 cuius
2845 3064 3178 3147 scriptura,
3227 3082 3537 3146 sermone,
3582 3070 3787 3128 aetate
3831 3063 4113 3128 breviter
4154 3063 4259 3127 ab·

652 3190 914 3252 solvam.

974 3333 1046 3376 ac
1113 3312 1393 3396 primum
1465 3312 1723 3395 quidem
1774 3312 1943 3395 quod
1993 3312 2073 3375 de
2118 3314 2471 3396 scripturae
2515 3330 2748 3395 genere
2794 3311 3388 3394 elementorumque
3433 3310 3655 3374 formis
3702 3311 3770 3373 in
3815 3329 3893 3374 ea
3937 3312 4108 3375 tituli
4154 3332 4262 3376 an·

653 3439 948 3523 tiquitate
995 3436 1202 3501 editor
1244 3438 1465 3517 tacuit,
1533 3437 1944 3500 vehementer
1988 3436 2187 3499 doleo.
2279 3442 2495 3499 nostra
2544 3438 2714 3499 enim
2762 3455 2955 3518 quam
3003 3436 3285 3497 maxime
3331 3435 3634 3498 intererat
3689 3437 3870 3516 scire,
3939 3438 4003 3499 A
4050 3457 4130 3501 an
4189 3438 4257 3504 A

652 3564 895 3627 dederit
951 3563 1246 3645 scalptor,
1314 3560 1376 3624 N
1422 3566 1485 3624 et
1530 3559 1585 3623 P
1633 3560 1869 3644 quibus
1932 3560 2157 3644 figuris
2226 3559 2546 3624 effinxerit
2611 3560 2860 3623 similia.
2954 3559 3127 3642 quod
3181 3559 3391 3622 solum
3439 3578 3614 3623 nunc
3657 3566 3909 3642 praeter
3953 3560 3980 3624 l
4020 3561 4262 3625 litterae

648 3689 919 3751 formam
952 3688 1377 3749 acuminatam
1418 3686 1845 3768 comperimus
1883 3686 1948 3748 in
1983 3683 2255 3747 PRIMO
2290 3717 2301 3727 ·
2334 3683 2600 3746 OENIA
2634 3683 2949 3747 vocabulo
2988 3685 3260 3765 primam
3308 3683 3576 3747 secundi
3625 3683 3894 3747 membri
3940 3686 4260 3748 invemam

649 3814 951 3896 scriptam
999 3828 1157 3890 esse,
1222 3816 1394 3873 recte
1463 3810 1822 3891 suspicatus
1877 3815 1974 3873 est
2019 3809 2224 3872 editor
2266 3829 2327 3891 p.
2375 3810 2505 3870 455
2553 3808 2694 3871 adn.
2747 3810 2772 3870 1
2831 3808 3026 3870 huius
3073 3808 3512 3871 conversionis
3557 3807 3870 3870 rationem
3915 3809 4033 3871 vix
4077 3828 4263 3892 posse

649 3935 730 4000 ad
776 3934 1053 3998 mediam
1100 3933 1585 4017 significandam
1630 3934 1965 4015 pertinere.
2060 3933 2231 3996 haud
2272 3932 2468 3995 semel
2518 3938 2687 3995 certe
2733 3934 2799 3995 in
2857 3934 3068 4015 prisca
3121 3931 3437 4014 scriptura
3492 3931 3900 3995 dextrorsum
3955 3951 4264 3997 conversa

644 4059 897 4144 singula
968 4059 1281 4122 elementa
1344 4059 1782 4120 sinistrorsum
1853 4076 2157 4120 conversa
2228 4056 2618 4139 deprehensa
2665 4062 2832 4137 sunt,
2901 4057 3121 4135 veluti,
3177 4076 3305 4139 qua
3349 4054 3430 4118 de
3474 4073 3544 4117 re
3589 4056 3814 4117 monui
3860 4054 4078 4136 Symb.
4126 4058 4258 4120 crit.

644 4207 703 4270 p.
754 4184 815 4265 6,
882 4182 1134 4249 'Hordea
1180 4183 1487 4265 scriptum
1546 4183 1609 4243 in
1673 4182 1831 4243 cista
1876 4181 2301 4264 praenestina.
2395 4199 2771 4263 quanquam
2818 4181 2966 4263 quis
3010 4179 3197 4243 facile
3245 4179 3551 4262 spondeat
3596 4179 3661 4241 in
3710 4177 4039 4243 montibus
4083 4199 4262 4264 prae·

646 4309 915 4374 nestinis
963 4326 1037 4370 eo
1086 4310 1388 4388 tempore,
1450 4324 1578 4388 quo
1625 4308 1693 4366 in
1759 4305 1918 4367 urbe
1980 4323 2223 4367 noviun
2269 4304 2658 4368 elementum
2701 4324 2745 4387 9
2805 4304 3017 4367 ordini
3061 4303 3420 4366 litterarum
3482 4320 3708 4366 recens
3750 4304 4062 4367 insertum
4111 4306 4252 4380 erat,

645 4453 775 4497 non
820 4451 1026 4496 unum
1075 4431 1430 4493 alterumve
1476 4449 1512 4493 e
1558 4447 1826 4492 numero
1873 4428 2204 4493 doctorum
2252 4430 2319 4492 in
2364 4430 2539 4492 hunc
2593 4428 2856 4491 modum
2914 4432 3256 4490 attentasse
3323 4427 3493 4509 signi
3561 4428 3714 4489 novi
3782 4423 4250 4491 inventionem?

647 4564 709 4621 et
754 4562 979 4620 notum
1027 4558 1125 4617 est
1168 4554 1271 4617 vel
1321 4553 1713 4637 temporibus
1758 4553 2221 4617 recentioribus
2252 4554 2488 4616 similia
2519 4572 2658 4616 esse
2690 4556 3008 4627 attentata,
3051 4550 3231 4613 velut
3258 4545 3328 4613 Β-
3364 4570 3402 4613 a
3448 4549 3772 4634 Paelignis
3814 4551 4044 4617 latinae
4087 4548 4252 4611 litte-

645 4686 900 4745 raturae
958 4681 1198 4743 inserta
1245 4684 1339 4742 est
1385 4679 1475 4759 (v.
1525 4676 1741 4758 Symb.
1789 4697 1849 4760 p.
1892 4676 2063 4761 160).
2158 4677 2267 4741 sed
2318 4697 2433 4761 ego
2480 4679 2550 4740 in
2594 4678 2715 4740 hoc
2761 4675 3229 4739 deverticulum
3275 4674 3423 4737 nolo
3469 4693 3574 4737 me
3620 4674 3845 4758 abripi,
3892 4694 4038 4739 cum
4078 4690 4258 4757 prae-

646 4806 868 4869 sertim
914 4805 1104 4867 etiam
1150 4801 1355 4866 cratia
1399 4801 1789 4865 vocabulum
1836 4801 2082 4865 mediae
2129 4801 2401 4884 figuram
2449 4803 2714 4885 ignoret.
2793 4800 3020 4883 quodsi
3069 4818 3209 4863 eam
3255 4797 3353 4861 bis
3401 4799 3698 4861 vitaverit
3741 4800 4036 4883 scalptor,
4077 4796 4262 4862 facile

645 4951 719 4993 eo
768 4929 1051 4994 adducor
1096 4934 1169 4991 ut
1212 4928 1377 4990 hanc
1424 4926 1797 4989 lamminam
1843 4928 1901 4989 ei
1948 4926 2219 5009 tempori
2266 4923 2566 5008 tribuam,
2628 4943 2757 5008 quo
2803 4928 3000 4989 cistae
3045 4923 3433 5008 speculaque
3497 4924 3903 5006 praenestina
3955 4922 4265 5007 pleraque

643 5056 949 5139 inscripta
995 5072 1134 5117 esse
1180 5056 1442 5131 constat,
1487 5051 1609 5113 hoc
1654 5055 1749 5113 est
1798 5055 1943 5112 ante
1990 5051 2245 5112 initium
2294 5050 2534 5112 saeculi
2582 5070 2644 5114 u.
2695 5070 2744 5113 c.
2793 5049 2979 5114 sexti.
3087 5047 3389 5111 convenit
3431 5046 3584 5110 huic
3630 5048 3818 5111 aetati
3865 5066 3902 5109 ο
3948 5048 4262 5110 insertum

643 5178 1089 5242 declinationis
1153 5176 1470 5240 secundae
1531 5173 1708 5237 finali
1775 5175 1841 5237 in
1889 5172 2201 5237 vocabulo
2256 5173 2492 5238 donam
2537 5193 2593 5236 v.
2645 5174 2703 5249 5,
2763 5173 3191 5254 convenitque
3248 5190 3445 5254 quam
3489 5171 3791 5249 maxime,
3846 5169 4022 5252 quod
4068 5188 4264 5253 supra

643 5302 777 5364 dixi
826 5321 999 5365 nunc
1042 5303 1320 5386 primum
1368 5300 1489 5363 hoc
1534 5299 1719 5363 titulo
1789 5304 2040 5381 praeter
2106 5299 2406 5381 ambages
2473 5317 2591 5360 nos
2637 5296 2907 5378 edoceri,
2975 5296 3041 5358 in
3097 5294 3409 5359 vocabulo
3465 5295 3812 5378 composito
3851 5291 4262 5379 primooenia
