4859 6392
2473 600 2514 657 4

686 813 900 875 visum
946 815 1041 875 est
1087 846 1171 857 —
1219 809 1418 874 verba
1461 809 1646 874 haec:
1705 808 1968 874 Orcevia
1997 808 2281 873 Numeri
2318 808 2530 893 (umor)
2584 809 2864 874 nationu
2876 808 2955 894 (s)
3010 809 3213 874 cratia
3248 808 3631 895 Fortunaffl’)
3679 808 3975 895 Diovo('s)
4029 810 4297 895 fileian')

676 935 900 1020 primo
944 932 1281 1019 [daniam
1334 934 1569 999 donam
1613 932 1869 1017 dadin).
1965 953 2040 996 ac
2085 932 2163 998 de
2209 935 2524 997 sententia
2569 933 2830 1017 quidem
2875 933 3047 997 tituli
3093 970 3176 981 —
3226 934 3305 998 de
3352 952 3644 998 sermone
3688 933 3856 998 infra
3903 953 4165 1018 agemus
4210 970 4306 982 —

686 1058 966 1123 dubitari
1011 1058 1256 1143 nequit,
1301 1058 1429 1121 nisi
1476 1056 1649 1141 quod
1694 1056 1973 1121 nationu
1985 1056 2063 1141 (s)
2141 1056 2347 1121 oralia
2392 1059 2528 1121 sive
2573 1057 2864 1122 nationis
2903 1058 3120 1142 qratia
3162 1062 3382 1121 utrum
3425 1058 3741 1142 pertineat
3803 1058 3885 1122 ad
3949 1057 4301 1123 liberorum

683 1188 1071 1267 proventum
1118 1201 1201 1245 an
1247 1181 1328 1245 ad
1371 1200 1678 1265 pecorum
1723 1180 2015 1264 feturam,
2083 1181 2161 1244 de
2210 1201 2337 1266 qua
2384 1183 2668 1266 antiquis
2713 1180 3104 1245 vocabulum
3149 1182 3426 1245 nationis
3471 1181 3784 1246 familiare
3835 1181 4036 1247 fuisse
4089 1182 4304 1266 glossa

686 1306 858 1370 Festi
907 1306 1054 1388 epit.
1100 1326 1162 1389 p.
1215 1304 1339 1368 167
1388 1310 1674 1385 testatur,
1717 1323 1905 1388 posse
1953 1304 2233 1368 dubitari
2279 1304 2718 1371 Mommsenus
2763 1304 3075 1371 Dessavio
3120 1306 3444 1370 indicavit.
3535 1306 3693 1369 mihi
3757 1312 4000 1370 certum
4046 1306 4308 1369 videtur

688 1448 845 1511 esse,
889 1447 1021 1492 non
1066 1447 1253 1512 posse
1298 1434 1656 1493 matronam
1687 1426 1958 1491 Numeri
2003 1448 2275 1493 uxorem
2322 1429 2563 1494 donum
2595 1429 2915 1495 Fortunae
2960 1429 3042 1495 ob
3087 1449 3393 1515 pecorum
3424 1431 3749 1494 nationem
3780 1430 4032 1494 dedisse
4063 1430 4306 1494 scilicet

690 1555 750 1618 ei
814 1552 968 1617 deae
1032 1553 1102 1615 in
1147 1554 1332 1617 cuius
1379 1552 1615 1615 sacello
1678 1551 1820 1615 aedi
1864 1553 2206 1636 primariae
2253 1554 2499 1618 adiecto
2546 1556 2896 1619 castissime
2951 1554 3253 1619 mulieres
3297 1554 3595 1618 feruntur
3639 1574 3819 1618 sacra
3863 1554 4109 1620 fecisse.
4188 1554 4301 1617 sed

690 1677 771 1740 ad
818 1682 1009 1760 caput
1053 1678 1251 1740 totius
1297 1676 1689 1760 quaestionis
1736 1676 2203 1740 enucleandum
2246 1697 2685 1762 properamus,

1006 1799 1296 1885 prodisse
1339 1800 1506 1863 hanc
1550 1800 1921 1863 lamminam
1966 1819 2001 1864 e
2046 1803 2467 1885 praenestinis
2511 1801 2871 1883 ruderibus
2925 1803 3076 1866 licet
3135 1821 3323 1866 nemo
3379 1807 3663 1884 testetur,
3725 1803 3868 1867 iure
3915 1821 4034 1867 suo
4080 1804 4306 1866 statuit

689 1925 894 1988 editor
947 1930 1079 1988 tam
1131 1930 1391 2009 propter
1438 1921 1744 1987 Orceviae
1788 1926 1997 2007 gentis
2042 1926 2109 1989 in
2160 1944 2233 1989 eo
2282 1925 2514 2008 oppido
2556 1926 2769 1990 sedem
2803 1928 3132 2011 antiquam
3182 1946 3376 2010 quam
3420 1930 3680 2010 propter
3724 1927 4010 1990 numinis
4055 1926 4298 1990 cultum

687 2048 1075 2131 peculiarem
1138 2047 1346 2111 eidem
1411 2054 1474 2111 et
1515 2046 1708 2111 Tullii
1770 2050 2134 2112 testimonio
2200 2056 2263 2113 et
2324 2049 2614 2133 lapidum
2668 2049 3068 2116 attributum.
3159 2050 3330 2113 idem
3376 2070 3459 2115 ex
3502 2071 3676 2134 penu
3721 2052 4076 2133 titulorum,
4138 2070 4304 2135 quos

688 2172 946 2256 colligit,
1008 2173 1560 2256 praenestinorum
1622 2171 1750 2234 duo
1815 2172 2222 2256 deprompsit,
2287 2193 2450 2256 quos
2511 2175 2679 2237 inter
2736 2173 2885 2257 plus
2938 2175 3200 2258 triginta
3249 2174 3471 2238 titulos
3515 2174 3840 2239 Fortunae
3882 2175 4304 2260 primigeniae

684 2315 898 2361 sacros
944 2297 1114 2360 solos
1160 2297 1248 2359 ait
1294 2295 1374 2359 ad
1421 2297 1623 2359 nostri
1666 2296 1939 2359 formam
1983 2316 2179 2381 prope
2226 2298 2541 2362 accedere.
2633 2306 2783 2362 sunt
2828 2302 3041 2362 autem
3087 2299 3184 2361 hi:
3232 2297 3566 2361 Fortunae
3603 2295 3781 2361 Ioris
3815 2318 4025 2382 puero
4063 2297 4300 2382 primi-

678 2420 904 2504 ,qeniae
969 2420 1015 2483 d
1023 2417 1274 2504 (onum)
1363 2418 1587 2503 d(edit)
1666 2441 1743 2484 ea:
1815 2425 1980 2485 sorte
2058 2441 2311 2504 compos
2385 2421 2600 2503 faetus
2677 2422 2930 2485 Nothus
2996 2421 3361 2505 Rufieanae
3444 2420 3523 2485 L.
3597 2422 3648 2504 f.
3722 2420 4015 2486 Plotzllae
4080 2441 4303 2485 servus

685 2543 897 2627 (Grut.
926 2543 1027 2627 76,
1056 2544 1143 2626 7),
1189 2543 1518 2608 Fortunae
1564 2545 1710 2609 Ioci
1743 2567 1950 2629 puero
1995 2566 2071 2608 ex
2116 2550 2482 2609 testamento
2517 2543 2860 2609 Treboniae
2892 2543 3369 2630 Sympherusae
3399 2545 3475 2609 P.
3514 2546 3782 2610 Annius
3819 2545 4068 2610 Herma
4110 2545 4306 2625 here-3,

685 2671 725 2734 l.
776 2669 836 2734 d.
898 2671 959 2735 d.
1022 2669 1135 2756 (ib.
1196 2668 1297 2747 76,
1315 2670 1402 2752 6).
1496 2671 1584 2733 ita
1651 2669 1780 2754 legi
1847 2671 1917 2733 in
1985 2670 2318 2732 titulorum
2386 2689 2562 2732 nunc
2627 2668 3021 2752 perditorum
3092 2669 3474 2754 apographis
3518 2671 3837 2753 genuinis,
3902 2672 4304 2735 coniecturae

686 2803 899 2858 autem
946 2794 1087 2857 loco
1133 2794 1601 2857 aestimandum
1649 2813 1806 2874 esse,
1870 2792 2043 2877 quod
2110 2793 2316 2876 primo
2387 2793 2571 2855 titulo
2621 2792 3005 2857 Iacobonius
3067 2793 3376 2873 intulerit,
3435 2815 3653 2877 puerz,
3717 2794 3890 2858 idem
3937 2796 4037 2858 vir
4081 2795 4309 2859 doctus

688 2925 910 2982 auctor
955 2926 1050 2983 est
1095 2917 1658 3001 locupletissimus,
1752 2924 2013 3001 apparet
2086 2918 2285 2999 igitur
2352 2937 2574 2980 verum
2635 2937 2791 2997 esse,
2861 2918 3033 3000 quod
3081 2916 3518 2981 Mommsenus
3564 2915 3874 2981 Dessavio
3922 2936 4006 2979 an
4052 2935 4309 3000 persua-

688 3045 842 3107 serit
886 3044 928 3108 l.
980 3063 1026 3107 s.
1075 3062 1126 3108 S.
1171 3062 1235 3125 p.
1284 3044 1415 3104 454
1462 3062 1509 3105 s.
1603 3042 1838 3122 nescio,
1904 3039 2315 3105 Fortunam
2362 3041 2573 3104 Iovis
2633 3061 2949 3124 puerum
2999 3042 3079 3122 (h.
3127 3061 3179 3105 e.
3225 3041 3498 3124 filiam)
3552 3042 4093 3124 primigeniam
4137 3039 4305 3103 tituli

690 3168 964 3231 recentis
1011 3166 1279 3230 eandem
1328 3184 1485 3247 esse,
1548 3184 1743 3248 quam
1790 3162 2209 3227 Fortunam
2257 3161 2529 3227 Diovis
2587 3166 2832 3228 filiam
2878 3167 3432 3249 primogeniam
3476 3167 3895 3248 perantiquae
3939 3164 4294 3228 lamminae.

690 3311 840 3355 nam
888 3291 1062 3374 quod
1106 3288 1459 3353 Dessavius
1522 3290 1589 3351 in
1651 3288 1839 3351 titulo
1896 3289 2137 3351 recenti
2186 3296 2461 3370 utroque
2507 3286 2854 3352 Fonunam
2904 3291 3210 3373 coniungi
3256 3309 3406 3353 cum
3454 3288 3606 3352 Iove
3651 3306 3850 3371 puero
3898 3289 4304 3358 existimavit,

688 3416 923 3479 viderit
967 3416 1104 3498 ipse
1153 3414 1472 3497 quomodo
1540 3413 1713 3496 quod
1774 3414 1841 3474 in
1904 3414 2113 3495 priore
2175 3412 2411 3475 lectum
2475 3418 2569 3475 est
2615 3410 2944 3476 Fortunae
2989 3412 3165 3476 Iovis
3213 3412 3374 3498 (non
3421 3412 3592 3491 Iovi)
3639 3431 3837 3496 puero
3871 3410 4309 3496 primiyeniae

686 3540 979 3624 explicet.
1067 3539 1179 3601 sed
1228 3537 1733 3601 dissentiendum
1794 3537 1952 3599 mihi
2014 3544 2110 3599 est
2155 3556 2192 3599 a
2237 3535 2634 3599 Mommseno
2695 3544 2991 3601 censente
3047 3539 3112 3600 in
3171 3537 3370 3600 altero
3417 3537 3603 3601 titulo
3651 3536 3909 3616 recenti,
3972 3536 4084 3618 qui
4131 3554 4311 3598 sacer

686 3671 821 3729 erat
866 3663 1198 3727 Fortunae
1244 3661 1388 3725 Iovi
1421 3681 1651 3745 puero,
1717 3659 2096 3744 explicando
2162 3679 2387 3722 verum
2453 3660 2691 3723 vidisse
2747 3659 3152 3725 Dessavium.
3251 3662 3397 3744 quis
3459 3662 3631 3723 enim
3684 3660 3870 3723 facile
3918 3658 4308 3723 dubitaverit

689 3811 838 3854 cum
884 3790 1041 3852 haec
1086 3788 1210 3851 tria
1254 3784 1551 3869 exempla
1596 3787 1764 3848 inter
1810 3804 1876 3848 se
1935 3783 2395 3868 comparaverit
2438 3781 2820 3867 Fortuna&
2877 3783 3175 3867 Diorofis)
3239 3784 3414 3867 fileia
3428 3782 3501 3867 (ι)
3555 3783 4081 3868 primoyenia(z'),
4136 3781 4303 3847 For-

691 3920 888 3979 tunae
933 3913 1109 3977 Jozn's
1168 3931 1374 3995 puero
1432 3908 1881 3994 primiyeniae,
1952 3907 2283 3971 Fortunae
2328 3906 2473 3970 Iovi
2528 3928 2752 3991 puero,
2825 3910 2982 3990 quin
3051 3909 3222 3972 idem
3300 3928 3631 3992 unumque
3683 3910 3754 3971 in
3800 3907 4102 3971 omnibus
4143 3906 4314 3970 indi-

692 4045 948 4124 getetur
990 4055 1252 4117 numen,
1311 4034 1597 4097 Fortuna
1640 4033 1815 4096 Iovis
1858 4032 1990 4096 filia
2034 4031 2459 4115 primigenia?
2552 4050 2749 4114 quare
2819 4033 2909 4095 ita
2972 4051 3218 4113 censeO,
3284 4033 3354 4094 in
3419 4030 3617 4094 altero
3680 4031 3868 4095 titulo
3913 4033 4156 4095 recenti
4203 4038 4313 4095 aut

693 4161 1199 4247 apographorum
1264 4159 1451 4242 culpa
1495 4157 1641 4221 Iovi
1699 4176 1813 4240 pro
1861 4156 2037 4220 Iovis
2094 4156 2449 4239 propagari,
2508 4162 2620 4217 aut
2665 4154 3006 4239 Iovipuero
3065 4155 3326 4219 inducta
3385 4156 3900 4238 interpunctione
3943 4155 4308 4238 legendum,

690 4288 811 4350 hoo
856 4290 953 4349 est
998 4283 1175 4349 Iovis
1209 4303 1436 4367 puero.
1532 4282 1653 4345 hoc
1699 4281 1908 4344 solum
1953 4278 2200 4362 aliquid
2247 4277 2666 4341 dubitationis
2713 4280 2965 4360 excitat,
3012 4279 3184 4363 quod
3226 4298 3373 4342 oum
3405 4298 3682 4362 puerum
3727 4298 3842 4362 pro
3886 4278 4018 4342 filia
4067 4278 4300 4342 dixisse

693 4411 1031 4475 audiamus
1078 4409 1378 4490 antiquos
1424 4407 1769 4489 solumque
1815 4405 1955 4468 eius
2003 4422 2162 4467 usus
2206 4408 2457 4485 praeter
2499 4403 2658 4466 haec
2706 4409 2937 4485 nostra,
2984 4422 3148 4486 quae
3188 4410 3339 4467 sunt
3369 4403 3714 4467 admodum
3745 4404 4044 4486 recentia,
4087 4418 4297 4465 exem-

690 4535 867 4620 plum
919 4554 1003 4598 ex
1036 4531 1312 4613 Odyssia
1356 4530 1711 4593 Andronici
1742 4529 2036 4611 supersit,
2080 4528 2153 4590 in
2199 4528 2645 4610 antiquissimo
2691 4533 3107 4590 monumento
3153 4546 3283 4590 non
3328 4546 3491 4610 puer
3535 4527 3649 4591 sed
3691 4527 3828 4591 filia
3871 4527 4039 4591 Iovis
4082 4521 4300 4587 audiat

693 4659 997 4724 Fortuna.
1090 4674 1301 4739 neque
1360 4674 1509 4718 vero
1564 4654 1719 4716 haec
1776 4651 2084 4715 dubitatio
2141 4652 2488 4734 quicquam
2536 4651 2809 4715 detrahit
2854 4651 2932 4715 de
2979 4652 3152 4714 tituli
3194 4651 3389 4732 illius,
3458 4652 3574 4734 qui
3620 4657 3716 4715 est
3758 4651 4084 4716 Fortunae
4127 4645 4304 4712 Iovis

682 4802 891 4868 puero
925 4779 1378 4866 primiqeniae,
1448 4778 1899 4862 perspicuitate
1945 4784 2008 4838 et
2052 4794 2198 4838 cum
2246 4775 2369 4838 hoo
2412 4795 2631 4840 casoae
2678 4776 2974 4839 dictionis
3018 4779 3196 4856 teste,
3270 4776 3384 4858 qui
3432 4779 3529 4838 est
3573 4772 3946 4856 Fortuna&
4001 4768 4298 4855 Dim-069)

691 4905 963 4991 filezsae]
1000 4904 1221 4988 primo
1266 4901 1559 4987 cenia(i),
1629 4899 2048 4964 similitudine
2096 4898 2403 4964 absoluta.
2497 4920 2532 4962 e
2597 4898 2837 4983 quibus
2902 4899 3150 4980 laqueis
3217 4916 3299 4961 ne
3343 4897 3661 4963 Hercules
3709 4898 3973 4982 quidem
4019 4896 4311 4975 evaserit,

692 5032 819 5093 nisi
862 5032 931 5092 in
977 5027 1164 5091 titulo
1210 5028 1451 5091 recenti
1496 5032 1628 5089 tres
1672 5026 1847 5087 viros
1890 5022 2057 5106 illos,
2125 5025 2238 5106 qui
2306 5024 2579 5088 saeculis
2649 5024 2895 5086 decimo
2957 5030 3139 5087 sexto
3195 5023 3596 5106 septimoque
3641 5042 3793 5086 eum
3839 5022 4316 5105 descripserunt

700 5152 786 5242 (v.
831 5152 1084 5218 Dessau
1129 5173 1188 5237 p.
1226 5150 1359 5215 454
1403 5152 1546 5215 adn.
1598 5145 1687 5235 1),
1740 5166 1961 5211 veram
2008 5146 2363 5229 lectionem,
2411 5167 2577 5232 quae
2620 5147 2816 5211 fuerit
2861 5145 3192 5211 Fortunae
3227 5147 3682 5231 Jm‘miqeniae,
3729 5146 3906 5211 Iovis
3942 5165 4170 5229 puero,
4237 5143 4314 5206 de

698 5279 948 5342 consilii
975 5282 1290 5341 sententia
1321 5286 1511 5359 atque
1537 5279 1773 5339 eventu
1792 5290 2056 5356 prorsus
2086 5272 2249 5334 miro
2282 5270 2562 5336 eundem
2593 5272 2662 5334 in
2690 5272 2955 5335 modum
2987 5290 3248 5354 pessum
3283 5270 3534 5335 dedisse
3567 5273 3722 5336 scite
3759 5267 4312 5335 demonstraverit.
