4859 6392
2380 646 2463 709 13

612 857 803 921 etiam
848 857 918 921 in
967 856 1123 922 aede
1154 855 1478 922 Fortunae
1507 859 1825 943 primaria.
1856 895 1943 906 —-
1975 879 2182 924 unum
2228 864 2519 944 superest
2564 860 2643 924 de
2684 878 2811 942 quo
2857 878 2961 922 me
3006 857 3197 943 plane
3243 859 3585 923 caecuttire
3631 858 3944 943 profiteor.
4011 868 4238 927 notum

610 986 707 1045 est
766 982 838 1044 in
882 1001 1149 1046 nummo
1195 980 1281 1046 M.
1332 980 1640 1046 Plaetorii
1687 980 1968 1048 Cestiani
2039 980 2149 1071 (de
2219 1003 2346 1067 quo
2415 1003 2477 1048 V.
2523 982 2990 1048 Mommsenus·
3033 982 3128 1045 rei
3196 1001 3379 1048 num.
3450 1003 3508 1067 p.
3558 983 3685 1046 622
3748 1005 3812 1049 n.
3865 985 3989 1048 261
4034 987 4107 1070 9)
4153 986 4233 1051 ab

611 1104 812 1170 altera
855 1110 1036 1190 parte
1082 1106 1259 1169 cerni
1304 1110 1495 1190 caput
1522 1106 1808 1170 iuvenile
1838 1106 2144 1189 imberbe,
2191 1107 2270 1171 ab
2318 1108 2518 1171 altera
2548 1112 2738 1191 caput
2767 1106 3059 1171 imberbe
3105 1124 3301 1190 super
3345 1107 3534 1172 sortis
3579 1107 3898 1191 tabellam,
3943 1112 4050 1174 cui
4094 1130 4237 1176 sors

608 1228 995 1294 vocabulum
1044 1229 1427 1313 inscriptum
1473 1236 1586 1296 est.
1681 1232 1844 1296 solet
1887 1232 2045 1295 haec
2088 1233 2298 1316 imago
2347 1250 2466 1316 ope
2514 1232 2768 1297 tulliani
2812 1231 3183 1310 testimonii,
3250 1230 3424 1313 quod
3491 1251 3689 1316 supra
3743 1234 4055 1315 enarravi,
4120 1254 4234 1298 ex-

606 1353 860 1437 plicari:
930 1353 1240 1418 nimirum
1301 1355 1477 1418 hunc
1539 1374 1678 1420 esse
1732 1374 2008 1440 puerum
2066 1375 2235 1438 eum,
2304 1357 2490 1419 cuius
2538 1375 2734 1419 manu
2780 1354 2998 1419 Cicero
3045 1355 3116 1417 in
3162 1355 3402 1439 templo
3448 1353 3771 1420 Fortunae
3816 1357 4235 1442 primigeniae

610 1482 812 1541 sortes
879 1478 1138 1541 misceri
1204 1483 1268 1541 et
1329 1479 1478 1543 duci
1533 1479 1790 1545 dixerit.
1882 1479 1995 1544 sed
2047 1480 2207 1543 mihi
2254 1498 2507 1564 semper
2551 1481 2830 1563 suspicio
2878 1478 3154 1543 subnata
3199 1484 3315 1561 est,
3378 1480 3617 1543 camilli
3662 1480 3768 1544 vel
3813 1481 4092 1545 ministri
4138 1501 4237 1546 sa-

611 1621 867 1666 crorum
933 1604 1049 1666 vix
1112 1620 1301 1686 posse
1366 1604 1712 1688 imaginem
1758 1623 1957 1669 numo
2002 1606 2293 1669 incusam
2341 1624 2495 1670 esse.
2587 1608 2650 1667 et
2696 1604 3001 1687 quoniam
3048 1603 3245 1667 Pueri
3292 1603 3464 1667 Iovis
3511 1604 3579 1667 in
3621 1606 3868 1688 gremio
3913 1603 4236 1671 Fortunae

609 1725 1029 1790 simulacrum
1072 1727 1143 1789 in
1188 1726 1420 1791 sacello
1468 1727 1716 1792 cultum
1762 1733 1859 1792 est
1903 1746 1977 1792 eo
2030 1728 2170 1792 loco
2226 1728 2574 1811 aedificato,
2644 1728 2755 1792 ubi
2823 1733 3027 1792 sortes
3081 1728 3416 1791 invenerat
3459 1726 3813 1793 Numerius
3859 1728 4231 1813 Suffustius,

609 1853 824 1916 nescio
871 1870 955 1914 an
1000 1850 1290 1916 eiusdem
1335 1850 1532 1916 Pueri
1577 1857 1788 1936 partes
1855 1852 2095 1917 fuerint
2140 1853 2395 1936 aliquae
2443 1855 2512 1917 in
2558 1873 2792 1938 magna
2846 1852 3000 1916 aede
3048 1850 3496 1935 Primigeniae,
3559 1857 3632 1916 ut
3696 1872 3859 1936 puer
3903 1854 3970 1916 in
4032 1874 4236 1917 numo

611 1995 893 2041 excusus
953 1995 1069 2059 pro
1135 1975 1404 2040 numine
1471 1973 1814 2041 habendus
1879 1978 1974 2042 sit.
2066 1977 2178 2041 sed
2238 1978 2393 2042 talia
2455 1978 2770 2062 suspicor:
2840 1974 3238 2061 argumentis
3293 1976 3599 2058 quoniam
3665 1977 4056 2060 conprobare
4101 1998 4235 2042 non

610 2119 889 2184 possum,
935 2118 1065 2163 non
1112 2097 1425 2183 obloquar
1469 2101 1672 2183 siquis
1717 2103 1966 2165 somnia
2010 2121 2295 2186 nugasve
2354 2104 2698 2166 vocaverit.
2791 2102 2903 2166 sed
2949 2101 3028 2165 de
3076 2100 3474 2182 Primigenia
3515 2098 3651 2163 filia
3695 2100 3869 2165 Iovis
3913 2103 4004 2164 ita
4048 2121 4236 2185 posse

608 2225 900 2309 iudicari,
944 2225 1041 2288 uti
1086 2244 1281 2308 supra
1325 2223 1483 2305 dixi,
1527 2229 1713 2289 teneo
1760 2245 1972 2309 neque
2018 2225 2206 2289 aliam
2254 2226 2620 2310 explicandi
2665 2229 2979 2291 rationem
3034 2225 3223 2289 facile
3268 2226 3554 2289 inveniri
3600 2245 3786 2309 posse
3834 2224 4236 2292 crediderim.

609 2370 760 2414 nam
809 2348 982 2433 quod
1027 2347 1239 2412 solum
1281 2348 1568 2431 relinqui
1614 2349 1882 2432 videtur,
1951 2356 2023 2413 ut
2068 2350 2149 2414 ad
2196 2349 2588 2415 Graecorum
2632 2350 2882 2415 fabulas
2938 2349 3402 2434 confugiamuS,
3465 2349 3533 2412 id
3597 2351 3823 2432 procul
3883 2350 4235 2414 arcendum

610 2494 750 2540 esse
794 2474 954 2537 mihi
999 2472 1308 2557 persuasi.
1375 2473 1506 2536 scio
1553 2472 1788 2537 similia
1830 2472 2152 2557 placuisse
2196 2475 2442 2558 graecis
2486 2474 2709 2558 poetiS,
2754 2474 3021 2539 fortasse
3067 2475 3259 2538 etiam
3307 2473 3375 2536 in
3420 2474 3808 2557 populorum
3853 2492 4233 2559 graecorum

611 2597 1033 2683 religionibus
1078 2602 1218 2661 orta
1261 2615 1430 2661 esse:
1480 2597 1683 2661 veluti
1727 2596 2087 2662 liberatoris
2133 2597 2307 2662 Iovis
2369 2597 2504 2661 filia
2549 2597 2835 2662 Fortuna
2881 2617 3102 2683 sospes
3151 2602 3416 2661 vocatur
3485 2618 3523 2661 a
3567 2597 3847 2661 Pindaro
3917 2597 3986 2659 in
4053 2617 4237 2681 prae-

612 2723 797 2788 conio
852 2720 1320 2805 olympionicae
1381 2721 1776 2803 himerenSiS,
1832 2742 1870 2785 a
1925 2741 2054 2804 quo
2106 2721 2346 2805 pendet
2398 2720 2711 2786 Horatius
2758 2722 3038 2785 carmine
3093 2720 3243 2785 libri
3288 2722 3478 2806 primi
3528 2723 3630 2785 34.
3732 2740 3853 2785 nec
3898 2720 4231 2785 defuturos

613 2866 747 2911 esse
796 2847 928 2912 scio
977 2846 1109 2929 qui,
1154 2865 1305 2909 cum
1352 2846 1758 2910 meminerint
1802 2847 1871 2909 in
1917 2844 2244 2910 tiburtinis
2289 2845 2559 2910 Iunonis
2607 2842 2880 2909 Curritis
2928 2845 3125 2908 sacris
3171 2845 3344 2910 haud
3389 2846 3766 2930 ambiguum
3810 2846 4021 2929 graeci
4069 2847 4234 2909 ritus

610 2971 953 3055 vestigium
1014 2969 1420 3054 deprehendi,
1485 2989 1745 3034 currum
1811 2971 2238 3053 clupeumque
2303 2989 2387 3034 ex
2454 2969 2728 3033 Heraeis
2794 2968 3159 3052 Argeorum
3225 2970 3491 3052 petitum
3564 2970 3652 3052 (v.
3724 2988 3890 3052 quae
3959 2969 4096 3031 dixi
4165 2971 4236 3032 in

610 3094 899 3158 Prellero
962 3093 1017 3177 1,
1064 3095 1194 3158 279
1242 3094 1389 3158 adn.
1442 3097 1522 3176 3),
1577 3094 2001 3179 praenestinis
2057 3112 2314 3177 quoque
2378 3095 2576 3157 sacris
2641 3091 3032 3156 Graecorum
3095 3093 3468 3176 sapientiam
3517 3094 3880 3158 insinuasse
3937 3091 4235 3175 cupidius

610 3219 1028 3302 sumpserint;
1098 3217 1492 3282 intenderint
1558 3217 1751 3281 etiam
1820 3218 2093 3302 digitum
2160 3218 2241 3280 ad
2318 3217 2843 3301 antiquissimum
2930 3217 3200 3280 sortium
3285 3217 3685 3300 quibusdum
3774 3218 3841 3279 in
3927 3214 4232 3279 Graeciae

613 3342 982 3425 regionibus
1042 3362 1237 3406 usum
1300 3341 1723 3426 versibusque
1783 3342 1864 3405 ad
1929 3343 2257 3427 exemplar
2316 3340 2706 3406 Graecorum
2761 3341 3157 3405 vaticinandi
3203 3341 3544 3405 artificium
3607 3360 3734 3403 non
3805 3339 3999 3403 nimis
4070 3339 4232 3401 illud

610 3469 851 3530 recenti
905 3471 1187 3551 tempore
1255 3466 1336 3530 ad
1390 3466 1637 3529 italicas
1690 3470 1913 3549 gentes
1968 3466 2267 3530 delatum.
2388 3465 2626 3549 quibus
2690 3464 2769 3528 de
2827 3464 3021 3529 rebus
3099 3464 3399 3528 omnibus
3486 3481 3614 3527 non
3686 3464 3893 3528 solum
3965 3463 4230 3525 minime

610 3589 834 3674 ignoro
874 3591 1098 3674 paucis
1139 3590 1385 3655 absolvi
1431 3609 1561 3655 non
1607 3609 1794 3674 posse
1834 3609 2063 3653 verum
2109 3590 2302 3653 etiam
2347 3608 2422 3653 eo
2472 3590 2630 3669 1000,
2677 3588 2755 3652 de
2803 3608 2930 3671 quo
2979 3588 3092 3651 diu
3137 3589 3206 3651 in
3248 3587 3414 3651 votis
3459 3594 3556 3651 est
3595 3594 3667 3651 ut
3704 3606 3912 3650 meam
3950 3587 4230 3670 aperiam

611 3715 1009 3795 sententiam,
1064 3735 1258 3799 quam
1312 3721 1532 3800 potero
1588 3715 2063 3779 accuratissime
2119 3714 2476 3797 disputabo.
2586 3731 2761 3776 nunc
2815 3713 2967 3776 satis
3031 3712 3234 3776 habeo
3316 3730 3422 3775 eas
3487 3713 3766 3776 rationes
3834 3710 4230 3795 capitulatim

608 3838 943 3921 indicasse,
991 3838 1229 3921 quibus
1274 3837 1448 3905 Iovis
1491 3838 1691 3903 filiam
1736 3839 2182 3922 primigeniam
2229 3837 2694 3920 antiquissimis
2740 3836 3048 3900 Italorum
3095 3835 3520 3921 religionibus
3565 3837 3864 3900 inseram.
