4859 6392
2494 648 2535 711 8

695 858 953 928 faciunt.
1032 879 1230 945 quare
1274 878 1409 924 non
1453 858 1677 922 dubito
1726 858 1883 942 quin
1932 859 2105 923 tituli
2149 858 2383 925 urbani
2412 860 2746 926 Fortunae
2763 857 3198 945 primiqmiae
3238 860 3420 941 sacri,
3467 878 3744 944 quorum
3792 879 3961 925 unus
4006 880 4042 925 a
4090 861 4316 929 liberto

696 986 974 1051 Neronis
1021 984 1359 1050 dedicatus
1404 989 1501 1048 est
1546 980 1714 1065 (CIL
1744 982 1804 1066 6,
1846 981 2243 1069 192—195),
2290 985 2374 1049 ad
2420 1003 2563 1049 eam
2607 985 2812 1069 ipsam
2860 984 3046 1049 deam
3090 988 3394 1068 spectent,
3441 1002 3605 1068 quae
3650 985 3721 1047 in
3768 984 3931 1049 colle
3977 984 4318 1051 colebatur.

692 1112 861 1187 hanc
906 1116 1121 1174 autem
1166 1107 1518 1173 Fortunam
1587 1106 1784 1172 fuisse
1856 1127 2053 1172 unam
2122 1108 2201 1172 de
2268 1107 2476 1173 tribus
2520 1110 2813 1193 proxime
2858 1114 3108 1193 portam
3154 1108 3471 1190 collinam,
3539 1127 3812 1192 quarum
3869 1114 3935 1173 et
3981 1107 4315 1175 Vitruvius

697 1236 993 1300 meminit
1040 1236 1099 1313 3,
1130 1233 1190 1313 2,
1221 1232 1260 1294 2
1309 1236 1373 1296 et
1419 1229 1799 1315 Crinagoras
1843 1232 2014 1296 anth.
2045 1232 2211 1316 plan.
2259 1233 2363 1315 40,
2394 1234 2436 1295 4
2485 1252 2888 1317 quarumque
2933 1232 3282 1299 secundam
3319 1232 3411 1297 ad
3457 1231 3630 1296 diem
3691 1233 3729 1294 5
3773 1231 3982 1316 April.
4043 1252 4315 1298 comme-

694 1363 948 1423 morant
994 1355 1439 1420 kalendarium
1484 1357 1965 1439 praenestinum
2009 1357 2111 1421 his
2155 1356 2395 1421 verbis:
2445 1355 2779 1422 Fortunae
2825 1355 3128 1440 publicae
3178 1355 3529 1441 citev‘ioln]
3587 1355 3666 1420 in
3708 1357 3874 1438 colle,
3938 1362 4002 1420 et
4047 1354 4314 1422 Ovidius

692 1481 862 1546 Fast.
913 1483 972 1563 4,
1020 1481 1149 1544 375
1194 1479 1321 1543 his:
1391 1484 1646 1544 saerata
1688 1484 1782 1544 eet
1825 1481 1972 1545 colle
2025 1480 2298 1557 Quirini
2338 1481 2460 1546 hac
2501 1480 2802 1547 Fortuna
2843 1481 2947 1545 die
2990 1479 3259 1565 publica
3324 1481 3505 1563 (falso
3572 1480 3666 1545 ibi
3730 1480 3897 1546 liber
3960 1479 4314 1549 ilfeldensis

691 1607 979 1688 itemque
1011 1604 1183 1674 ‚falso
1230 1604 1383 1668 libri
1427 1603 1756 1669 Iuvenalis
1798 1606 1857 1685 2,
1892 1604 2020 1669 134
2064 1606 2225 1670 valle
2284 1604 2598 1687 Quirini),
2645 1605 2919 1689 amplius
2973 1610 3351 1689 persecutus
3417 1626 3564 1669 sum
3630 1605 3771 1690 eph.
3840 1605 4015 1672 arch.
4070 1605 4110 1669 l.
4167 1626 4214 1672 s,
4261 1626 4312 1671 e.

692 1734 946 1814 praeter
1008 1729 1175 1792 hanc
1243 1734 1457 1792 autem
1525 1728 1843 1793 urbanam
1888 1728 2237 1794 Fortunam
2282 1713 2555 1814 eamque
2602 1738 2766 1814 quae
2821 1749 2860 1793 a
2904 1728 3340 1794 Praenestinis
3403 1727 3735 1793 colebatur
3798 1729 4045 1795 nullius
4108 1730 4314 1794 adhuc

702 1854 807 1917 vel
860 1855 930 1916 in
974 1852 1164 1917 Italia
1208 1852 1313 1915 vel
1362 1853 1429 1916 in
1474 1854 1825 1937 provinciis
1872 1854 2083 1919 ullum
2125 1854 2474 1939 vestigium
2535 1860 2633 1919 est
2675 1855 3032 1936 inventum,
3092 1872 3260 1936 quae
3320 1853 3548 1919 eodem
3593 1852 4025 1937 Primigeniae
4084 1873 4314 1938 cogno-

692 1979 866 2043 mine
912 1997 1031 2041 usa
1075 1978 1184 2041 sit:
1236 1977 1394 2060 quid
1441 1976 1615 2060 quod
1659 1997 1742 2041 ne
1788 1978 2064 2042 aliorum
2110 1966 2371 2062 quidem
2416 1979 2762 2043 numinum
2815 1997 3094 2062 usquam
3154 1977 3362 2042 ullum
3417 1979 3720 2044 novimus
3776 1977 3948 2062 quod
4004 1977 4314 2063 Primige-

689 2105 879 2167 nium
922 2106 1221 2166 vocatum
1275 2102 1359 2164 sit
1411 2107 1664 2185 praeter
1716 2122 1922 2166 unum
1975 2101 2319 2167 Herculem
2369 2101 2869 2186 Pn'miyenium,
2924 2121 3118 2187 quem
3185 2114 3249 2167 et
3303 2100 3652 2186 Ostippone
3705 2101 4004 2166 Baeticae
4071 2103 4313 2168 cultum

692 2246 830 2292 esse
899 2226 1132 2290 titulus
1180 2224 1317 2289 CIL
1363 2226 1421 2307 2,
1467 2223 1639 2289 1436
1705 2232 1769 2290 et
1829 2226 1986 2290 alibi
2052 2226 2363 2309 orelliani,
2433 2246 2596 2310 quos
2651 2228 2870 2292 citavit
2913 2225 3287 2308 Humerus,
3335 2225 3526 2292 1545.
3575 2224 3755 2290 2463·
3787 2204 3882 2273 ¹-
3939 2226 4019 2291 de
4076 2200 4313 2311 quibus

690 2356 906 2415 tamen
954 2350 1268 2414 iudicium
1315 2349 1579 2413 cohibeo
1628 2387 1712 2397 —
1760 2354 2090 2414 testantur.
2158 2351 2288 2413 iam
2328 2352 2636 2434 quoniam
2669 2371 2864 2434 supra
2901 2350 3183 2414 vidimus
3228 2350 3618 2415 vocabulum
3652 2349 4096 2435 primiymiua
4140 2352 4311 2416 omni

687 2480 970 2559 tempore
1015 2493 1279 2537 sensum
1322 2473 1604 2538 eundem
1648 2474 2007 2555 retinuisse,
2049 2475 2266 2538 nescio
2314 2474 2473 2558 quid
2531 2474 2709 2539 aliud
2753 2474 3062 2539 Hercules
3109 2473 3552 2559 primigenius
3595 2474 3904 2539 nimirum
3957 2480 4163 2539 aetate
4216 2481 4312 2539 sat

689 2598 929 2663 recenti
976 2597 1191 2661 cultus
1220 2598 1421 2681 possit
1455 2596 1849 2681 significasse
1894 2599 2020 2662 nisi
2051 2597 2228 2662 Iovis
2269 2597 2459 2682 fillius
2492 2598 2960 2685 primiyem’us:
3010 2604 3075 2663 et
3119 2617 3334 2663 amore
3372 2598 3570 2663 fuisse
3606 2597 3962 2662 Herculem
3990 2599 4155 2683 patri
4185 2600 4310 2682 pri·

691 2722 1048 2806 migenium
1078 2721 1230 2785 licet
1260 2741 1389 2785 non
1421 2722 1614 2787 fuerit
1642 2727 1892 2804 natura,
1922 2704 2314 2787 Graecorum
2342 2721 2766 2806 religionibus
2793 2723 3105 2788 familiare
3137 2723 3277 2787 fuit.
3345 2723 3488 2807 ipsa
3521 2722 3721 2806 igitur
3749 2721 4050 2787 vocabuli
4079 2741 4311 2808 cogno·

691 2847 1016 2930 minisque
1037 2845 1479 2929 primiqenius
1506 2846 1772 2910 historia
1800 2846 1905 2910 vel
1936 2847 2217 2911 maxime
2249 2845 2683 2929 confirmatur,
2713 2848 2888 2929 quod
2917 2867 3004 2912 ex
3032 2866 3250 2912 rerum
3279 2859 3604 2931 gestarum
3645 2847 3954 2911 memoria
3986 2845 4311 2913 Prellerus

688 2971 932 3054 optimo
977 2971 1121 3033 iure
1166 2970 1483 3034 conclusit
1529 2972 1589 3051 2,
1639 2970 1761 3033 191
1811 2990 1879 3052 s.,
1976 2969 2327 3035 Fortunam
2371 2967 2830 3055 Primigeniam
2890 2972 3134 3035 nullam
3191 2971 3394 3036 fuisse
3438 2969 3682 3034 Romae
3727 2976 4072 3054 antequam
4120 2949 4310 3034 Prae·

692 3095 929 3158 nestini
998 3093 1166 3158 bello
1235 3095 1471 3178 punico
1539 3093 1824 3159 secundo
1895 3094 1974 3160 de
2040 3114 2110 3159 re
2163 3094 2423 3179 publica
2473 3115 2741 3159 romana
2786 3092 3052 3159 Casilini
3109 3097 3348 3180 optime
3391 3095 3606 3160 meriti
3651 3094 3808 3158 sint:
3864 3099 4006 3159 tum
4051 3094 4304 3158 demum

692 3217 1258 3282 Praenestinorum
1325 3218 1675 3283 Fortunam
1744 3218 1918 3282 Iovis
1978 3219 2178 3283 filiam
2247 3220 2697 3304 primigeniam
2763 3219 3171 3304 tramigrasse
3242 3221 3313 3283 in
3391 3217 3620 3283 urbem
3681 3217 3905 3302 ibique
3984 3218 4308 3285 decurtato

690 3353 908 3410 vetere
956 3344 1217 3407 nomine
1262 3344 1432 3407 inter
1474 3341 1790 3411 Fortunas
1836 3362 1962 3424 eaS‚
2008 3361 2176 3426 quae
2222 3343 2303 3406 ad
2345 3348 2602 3428 portam
2649 3342 2949 3407 collinam
2993 3340 3386 3425 colebantur,
3430 3342 3650 3407 sedem
3693 3361 3928 3406 novam
3975 3343 4304 3426 accepisse.

690 3469 1028 3555 pendent
1070 3470 1316 3554 igitur
1361 3466 1878 3551 Primigeniae
1923 3466 2259 3532 urbanae
2303 3473 2377 3532 et
2420 3486 2695 3532 nomen
2742 3472 2817 3531 et
2862 3486 3083 3531 sacra
3131 3486 3171 3529 a
3213 3467 3758 3551 praenestinae
3804 3465 3992 3530 deae
4049 3468 4310 3551 singu-

693 3595 843 3658 lari
890 3594 1369 3658 condicione.

1012 3719 1138 3781 iam
1207 3717 1490 3800 primum
1557 3718 1753 3780 etiam
1822 3715 2271 3781 Praenestinos
2338 3716 2441 3779 vel
2508 3718 2789 3799 antiquis
2857 3715 3255 3799 temporibus
3323 3735 3360 3778 a
3427 3714 3619 3799 pleno
3667 3714 3823 3779 deae
3868 3717 4128 3779 nomine
4172 3735 4314 3800 per·

559 3892 572 3904 .
693 3841 1031 3906 scribendo
1079 3841 1466 3925 aliquotiens
1510 3838 1898 3903 abstinuisse
1944 3843 2135 3902 testes
2181 3844 2333 3903 sunt
2376 3839 2552 3904 tituli
2598 3838 2735 3903 CIL
2783 3840 2839 3917 1,
2889 3840 3059 3902 1133
3108 3838 3222 3902 ubi
3276 3837 3661 3924 Fortuna&
3730 3836 4313 3923 Primffihlemai),

698 3965 887 4030 1129.
939 3967 971 4028 1
985 3963 1127 4046 130,
1193 3964 1308 4028 ubi
1352 3959 1741 4047 F(ortunae)
1797 3961 2327 4047 P(rimiyeniae):
2399 3982 2548 4027 nam
2597 3962 2769 4046 quod
2815 3961 3328 4048 P(raenestinae)
3406 3982 3490 4026 an
3545 3961 4039 4047 P(rimiyemae)
4103 3963 4315 4047 legen-

692 4089 847 4154 dum
899 4090 982 4152 sit
1030 4088 1292 4172 quidam
1342 4086 1817 4169 dubitaverunt,
1863 4088 2071 4150 sciens
2116 4088 2570 4170 praetermitte.
2660 4086 2833 4151 idem
2896 4087 3086 4171 volgo
3147 4086 3385 4152 factum
3430 4092 3528 4151 est
3572 4092 3777 4151 aetate
3820 4088 4190 4172 posteriore,
4236 4085 4316 4150 ad

695 4233 889 4298 quam
935 4213 1083 4296 plus
1127 4213 1390 4295 triginta
1435 4211 1550 4291 ini,
1598 4230 1763 4294 quos
1809 4211 1990 4274 novit
2024 4208 2376 4275 Dessavius
2422 4212 2466 4279 l.
2500 4231 2547 4275 s.
2580 4231 2627 4275 s.
2668 4230 2728 4295 p.
2759 4208 2908 4291 453,
2953 4211 3127 4274 tituli
3161 4212 3483 4295 pertinent
3527 4209 3849 4276 Fortunae
3889 4210 4313 4295 Primigeniae

692 4338 878 4401 sacri.
995 4355 1204 4419 neque
1282 4354 1434 4399 vero
1503 4333 1661 4398 haec
1729 4335 2038 4399 breviatio
2107 4336 2418 4419 originem
2487 4336 2885 4418 cognominis
2958 4334 3092 4399 ullo
3160 4334 3351 4399 modo
3398 4335 3726 4399 obscurat:
3798 4354 3947 4399 nam
4004 4342 4081 4400 ut
4123 4351 4307 4417 supra

696 4461 939 4525 dictum
1010 4467 1107 4524 est
1162 4458 1567 4545 primiqmia
1635 4458 1986 4523 vocabatur
2054 4460 2173 4523 dea
2237 4465 2575 4543 propterea
2638 4458 2810 4542 quod
2869 4457 3272 4543 fm‘miyem‘a
3330 4457 3508 4523 Iovia
3571 4458 3720 4542 filia
3786 4459 3893 4523 vel
3949 4478 4120 4544 puer
4169 4472 4301 4519 esse

694 4585 935 4661 credita
978 4591 1089 4649 est
1182 4603 1313 4648 non
1357 4583 1524 4669 fugit
1570 4581 2044 4648 Mommsenum
2090 4584 2133 4649 l.
2180 4604 2231 4648 s,
2279 4603 2328 4647 e.
2372 4603 2432 4667 p.
2477 4581 2610 4646 455
2657 4582 3069 4667 cognationes
3113 4584 3459 4648 numinum
3505 4588 3701 4667 atque
3746 4584 3940 4649 etiam
3981 4580 4306 4645 hominum

697 4709 997 4773 divorum
1040 4710 1111 4772 in
1153 4708 1360 4772 titulis
1405 4709 1604 4772 sacris
1650 4727 1780 4772 non
1825 4706 2030 4773 solere
2075 4705 2291 4772 verbis
2335 4707 2640 4791 exprimi:
2689 4707 3358 4772 commemorationem
3401 4708 3603 4791 igitur
3650 4705 4044 4792 cognationis
4081 4702 4309 4767 Primi-

694 4834 921 4918 geniae
966 4834 1035 4897 in
1081 4832 1289 4898 titulis
1333 4833 1757 4916 praenestinis
1803 4832 2187 4896 documento
2234 4850 2393 4914 esse,
2441 4851 2637 4915 quam
2682 4830 2902 4895 vivida
2945 4831 3150 4895 forma
3192 4831 3643 4916 humanaeque
3689 4831 3887 4896 simili
3930 4829 4124 4896 huius
4161 4825 4317 4891 For-

692 4965 887 5022 tunae
953 4959 1163 5042 imago
1232 4955 1606 5021 Latinorum
1675 4958 1909 5020 animis
1976 4953 2311 5019 obversata
2372 4955 2471 5019 sit.
2571 4954 2683 5020 sed
2751 4955 3034 5038 primum
3093 4954 3268 5039 quod
3334 4955 3446 5018 ille
3501 4955 3581 5020 de
3625 4955 3834 5020 titulis
3891 4955 4091 5020 sacris
4147 4955 4318 5017 recte

694 5082 1160 5162 animadvertit,
1218 5082 1406 5167 longe
1461 5079 1654 5144 latius
1696 5086 1885 5164 patet.
1976 5079 2221 5143 scilicet
2263 5067 2379 5163 per
2421 5084 2630 5144 totum
2675 5078 3063 5164 religionum
3115 5078 3477 5143 italicarum
3523 5080 3746 5144 orbem
3808 5080 4114 5164 coniugia
4174 5076 4322 5143 deo·

694 5226 840 5269 rum
890 5225 1053 5289 quae
1101 5206 1363 5290 quidem
1408 5204 1750 5270 videantur
1793 5223 1936 5270 esse
1979 5204 2261 5267 maxime
2305 5201 2703 5287 temporibus
2747 5204 3213 5287 antiquissimis
3258 5202 3516 5267 obviam
3564 5208 3735 5286 sunt,
3779 5201 4134 5268 liberorum
4177 5221 4323 5287 pro·-

696 5332 932 5395 creatio
978 5331 1161 5395 nulla
1180 5368 1185 5371 -
1203 5335 1301 5395 est
1330 5349 1661 5414 umquam.
1733 5347 1808 5393 ac
1840 5347 1923 5392 ne
1956 5328 2037 5392 de
2067 5327 2383 5413 coniugiis
2420 5326 2684 5411 quidem
2717 5329 2911 5393 nimis
2944 5326 3336 5393 confidenter
3367 5326 3714 5392 dicendum
3762 5344 3890 5411 quo
3935 5328 4080 5392 iure
4126 5325 4320 5409 signi-
