4859 6392
2407 644 2489 706 12

638 860 886 926 mulem
935 858 1109 943 quod
1156 861 1381 940 senti0,
1426 860 1740 941 suspicari
1784 877 1887 923 me
1933 857 2241 923 confiteor
2284 892 2369 905 -
2418 866 2482 922 et
2527 857 2855 922 confessus
2901 876 3044 921 snm
3090 857 3275 921 initio
3321 856 3520 921 huius
3566 858 3909 922 commenti
3949 893 4025 904 -
4072 876 4261 942 posse

636 984 904 1049 ultimos
970 1002 1202 1047 versus
1268 984 1441 1048 tertii
1511 981 1747 1046 ductus
1827 1001 1966 1047 esse
2031 982 2219 1047 binas
2296 981 2364 1050 A
2451 984 2685 1046 veteris
2756 981 2970 1045 hastas
3032 981 3470 1045 sinistrorsum
3530 1000 3775 1063 versas,
3852 985 3926 1045 ut
3990 982 4256 1046 forsitan

635 1107 906 1193 filma),
971 1127 1104 1172 non
1169 1105 1441 1192 fileifizi]
1510 1106 1855 1190 legendum
1926 1108 2027 1172 sit.
2119 1108 2198 1171 de
2267 1127 2342 1170 ea
2409 1107 2771 1189 suspicione
2828 1105 2939 1189 qui
2993 1124 3101 1169 aes
3156 1107 3565 1190 usurpaverit
3617 1105 3789 1169 facili
3844 1124 4040 1189 opera
4092 1105 4258 1169 diiu-

639 1232 967 1296 dicaverit.

960 1355 1151 1419 redeo
1197 1356 1261 1417 in
1308 1355 1498 1417 viam.
1591 1375 1784 1438 supra
1854 1354 2208 1439 significavi
2278 1359 2563 1419 extremo
2621 1372 2722 1418 me
2779 1354 3254 1432 commentario,
3326 1353 3482 1437 quid
3523 1353 3706 1417 -mihi
3754 1352 3834 1418 de
3880 1354 4259 1438 aenigmatis

640 1479 731 1543 ibi
795 1482 1077 1544 enarrati
1136 1479 1454 1543 solutione
1519 1485 1782 1559 constet,
1848 1479 2071 1562 primis
2135 1479 2321 1543 lineis
2389 1497 2531 1542 esse
2599 1477 3129 1542 adumbratumm
3187 1478 3433 1541 scilicet
3498 1476 3669 1541 haud
3734 1479 4033 1562 ignarum
4099 1477 4257 1560 quid

640 1604 864 1669 deceat
907 1622 1073 1683 eum,
1119 1604 1235 1686 qui
1273 1601 1703 1686 Aboriginum
1749 1605 2042 1686 regiones
2096 1602 2379 1686 attingat.
2465 1602 2752 1667 Fortuna
2801 1602 3003 1684 igitur
3042 1601 3448 1684 praenestina
3481 1600 3656 1665 Iovis
3701 1600 3836 1665 filia
3878 1602 4260 1685 primigenia

642 1728 999 1812 antiquitus
1045 1726 1347 1791 vaticinio
1395 1727 1664 1790 sortium
1726 1727 2045 1809 inclaruit,
2110 1728 2298 1791 cuius
2357 1728 2648 1792 oraclum
2685 1724 2943 1811 patebat
2996 1724 3099 1789 die
3151 1725 3227 1789 ll
3280 1725 3541 1809 Aprilis.
3631 1725 3760 1789 late
3805 1745 4100 1809 sparsum
4145 1745 4262 1810 per

638 1858 862 1936 gentes
905 1851 1216 1915 Italorum
1262 1850 1382 1913 hoc
1428 1851 1713 1913 vaticinii
1758 1868 1963 1934 genus
2009 1850 2351 1935 solumque
2395 1852 2622 1933 fnisse,
2692 1850 2865 1935 quod
2931 1852 2998 1913 in
3061 1855 3230 1914 terra
3275 1849 3463 1913 Italia
3504 1849 3656 1914 inde
3701 1869 3740 1912 a
3784 1850 4097 1934 principio
4145 1870 4259 1915 ex-

643 1976 893 2040 cultum
939 1977 1038 2057 sit,
1085 1976 1239 2039 satis
1285 1980 1455 2038 certo
1502 1979 1747 2037 constat
1791 1976 2075 2058 itemque
2115 1982 2361 2040 constat
2394 1975 2475 2040 ab
2507 1976 2627 2040 hoc
2661 1976 3042 2060 primigenio
3075 1973 3466 2038 vaticinandi
3503 1993 3632 2037 usu
3662 1973 3940 2056 pendere
3986 1976 4258 2039 sortium

641 2101 879 2185 posteri
926 2101 1230 2183 temporis
1276 2098 1572 2162 versibus
1617 2098 1833 2161 latinis
1879 2099 2350 2183 inscriptamm,
2419 2119 2696 2183 quarum
2750 2118 2918 2163 nova
2963 2098 3259 2183 exempla
3303 2117 3638 2182 parmense
3682 2117 3982 2163 museum
4029 2117 4261 2183 suppe-

642 2225 873 2288 ditavit
916 2224 1009 2306 (v.
1062 2222 1350 2287 Instituti
1394 2223 1645 2286 romani
1690 2227 1978 2286 actorum
2023 2243 2078 2288 a.
2132 2225 2300 2288 1883
2348 2246 2406 2308 p.
2461 2224 2585 2288 100
2630 2222 2756 2309 ss),
2801 2223 3142 2288 artificium
3189 2223 3590 2305 formamque
3639 2220 3726 2306 (v,
3775 2241 3944 2305 quae
3991 2222 4131 2285 dixi
4178 2223 4259 2287 de

639 2348 741 2412 his
786 2347 980 2412 rebus
1027 2349 1092 2410 in
1126 2346 1411 2411 Prellero
1462 2347 1518 2428 1,
1555 2346 1704 2413 382.
1753 2346 2019 2430 2,190).
2094 2349 2393 2431 migravit
2441 2348 2670 2412 deinde
2711 2348 2982 2412 Romam
3029 2348 3149 2411 dea
3192 2348 3412 2430 punici
3460 2345 3614 2410 belli
3661 2345 3928 2410 secundi
3975 2352 4258 2430 tempore

642 2472 863 2555 ibique
912 2471 1296 2536 modestiore
1342 2471 1540 2553 cultu,
1609 2471 1863 2554 dempto
1921 2472 2065 2535 iure
2117 2472 2423 2555 vaticinii,
2491 2474 2659 2537 inter
2724 2472 2992 2536 numina
3043 2470 3306 2555 publica
3346 2470 3567 2555 populi
3615 2471 3864 2535 romani
3912 2467 4259 2546 Quiritium

642 2601 901 2680 recepta
945 2601 1057 2659 est.
1150 2595 1267 2659 sed
1312 2596 1378 2658 in
1425 2596 1649 2679 patria,
1718 2594 1830 2657 ubi
1900 2596 1968 2657 in
2036 2598 2368 2659 cacumine
2437 2598 2673 2661 montis
2720 2596 2950 2680 oppido
2996 2598 3065 2659 in
3111 2594 3389 2680 rupibus
3434 2594 3908 2678 praestantibus
3954 2631 4041 2641 —-
4089 2594 4260 2658 unde

642 2719 1024 2784 credebatur
1066 2739 1301 2783 nomen
1344 2718 1647 2782 habuisse
1693 2755 1781 2765 -
1813 2719 2067 2782 condito
2104 2720 2495 2799 imminebat,
2544 2739 2621 2783 ea
2649 2740 2788 2784 esse
2830 2720 3082 2785 civibus
3114 2720 3439 2804 dignitate,
3486 2737 3560 2781 ea
3606 2718 3686 2782 ad
3729 2718 4041 2802 regendas
4087 2719 4261 2783 vices

639 2844 957 2907 humanas
1003 2846 1288 2927 potentia
1330 2845 1471 2906 visa
1516 2850 1628 2925 est,
1696 2848 1787 2923 nt,
1845 2842 2016 2906 haud
2074 2862 2259 2907 secus
2314 2852 2507 2927 atque
2551 2843 2793 2909 Romae
2838 2846 2906 2908 in
2953 2842 3260 2928 Capitolio
3308 2842 3500 2906 Fides
3543 2842 3802 2926 publica
3869 2842 4090 2928 populi
4159 2861 4262 2905 ro·

645 2968 837 3048 mani,
882 2968 1104 3064 magni
1148 2966 1340 3047 IoviS,
1388 2985 1517 3049 quo
1551 2968 1718 3029 inter
1762 2973 1916 3032 deos
1962 2967 2194 3031 deasve
2239 2968 2487 3032 italicos
2532 2970 2736 3031 maior
2778 2967 3015 3052 nullus,
3060 2970 3274 3032 vicina
3319 2969 3588 3050 eiusque
3634 2966 3920 3032 consiliis
3963 2968 4263 3050 proxima

648 3110 787 3156 esse
834 3092 1329 3156 existimaretur.
1423 3090 1597 3174 quod
1662 3091 1979 3155 societatis
2042 3111 2249 3175 genus
2294 3093 2587 3157 homines
2634 3094 2804 3157 casei
2850 3094 3121 3177 eiusque
3168 3093 3408 3175 aetatis,
3477 3093 3664 3155 cuins
3707 3109 3908 3174 paene
3953 3090 4135 3153 nulla
4180 3089 4262 3153 ad

648 3216 892 3278 litteras
937 3234 1233 3278 romanas
1277 3220 1623 3298 propagata
1667 3220 1820 3278 sunt
1863 3217 2147 3300 vestigia,
2204 3218 2642 3283 monumentis
2710 3219 3019 3281 sermonis
3083 3217 3405 3300 ceterique
3452 3215 3666 3279 cultus
3711 3233 4047 3298 perpauca,
4115 3233 4262 3277 cum

644 3358 777 3403 non
808 3343 1067 3423 possent
1098 3357 1228 3401 non
1262 3359 1301 3403 a
1335 3339 1792 3423 procreationis
1825 3339 2243 3404 similitudine
2290 3360 2685 3424 nuncupare,
2732 3348 2976 3405 vatem
3023 3340 3241 3404 deam
3286 3345 3749 3424 nuncuparunt
3793 3336 4018 3401 Diovis
4062 3336 4260 3402 filiam

652 3464 1135 3548 primogeniam.
1229 3463 1594 3526 inauditum
1642 3462 1923 3527 vidimus
1965 3464 2085 3527 hoc
2131 3484 2270 3529 esse
2325 3463 2704 3528 numinibus
2750 3464 3096 3529 humanam
3141 3470 3376 3529 sortem
3423 3463 3746 3529 tribuendi
3791 3463 3962 3525 inter
4002 3480 4268 3527 romana

648 3591 817 3651 certe
862 3607 1042 3651 sacra
1086 3587 1445 3650 consilium.
1538 3606 1763 3650 verum
1810 3594 2098 3671 superest
2143 3588 2513 3672 exemplum
2559 3588 2733 3653 haud
2778 3589 3067 3653 absimile
3112 3588 3405 3667 alterum,
3449 3587 3640 3672 quod,
3684 3588 3740 3649 si
3786 3604 3916 3649 non
3963 3585 4045 3649 ad
4088 3587 4264 3670 ipsos

650 3711 808 3776 deos
856 3710 1105 3792 deasve,
1151 3710 1233 3774 ad
1279 3729 1609 3774 sacrorum
1656 3718 1824 3775 certe
1871 3713 2069 3775 ritum
2114 3713 2405 3795 pertinet.
2495 3732 2649 3776 nam
2696 3714 3133 3797 conlegiorum
3165 3732 3493 3777 sacrorum
3540 3730 3706 3795 quae
3736 3710 3980 3773 Romae
4022 3709 4265 3774 fuerint

647 3854 854 3900 unum
923 3837 1225 3899 novimus
1290 3835 1489 3919 idque
1554 3836 2095 3919 antiquissimum,
2165 3836 2337 3920 quod
2405 3838 2758 3921 conlegiale
2805 3837 3088 3901 officium
3134 3837 3530 3921 cognationis
3576 3836 3834 3899 nomine
3877 3832 4261 3897 honorabat:

648 3960 896 4023 arvales
944 3959 1192 4024 fratreS.
1285 3959 1458 4042 quod
1502 3958 1912 4024 fraternitatis
1956 3979 2194 4024 nomen
2239 3962 2407 4025 inter
2452 3961 2773 4043 saliorum,
2839 3961 3248 4045 lupercorum
3294 3967 3781 4043 ceterorumque
3828 3957 4266 4041 conlegiorum

647 4083 1249 4167 antiquissimorum
1318 4085 1583 4147 nomina
1651 4086 1753 4148 sui
1823 4085 2034 4149 simile
2102 4084 2293 4148 habet
2358 4085 2634 4149 nullum.
2725 4092 2790 4150 at
2833 4086 3028 4151 latius
3073 4087 3228 4149 olim
3275 4087 3444 4149 inter
3487 4083 3683 4148 Italos
3728 4083 3900 4146 hane
3944 4080 4267 4164 cogitandi

646 4209 961 4271 rationem
1030 4207 1312 4290 patuisse
1360 4210 1474 4271 uni
1522 4209 1757 4292 cuique
1803 4208 1988 4273 facile
2031 4212 2421 4292 persuaserit
2466 4211 2739 4294 conlegii
2784 4211 3036 4294 iguvini
3079 4209 3348 4272 irati-um
3394 4210 3826 4274 Attiediorum
3870 4230 4127 4279 nomen.
4177 4248 4261 4259 —-

651 4332 764 4396 sed
808 4331 1229 4415 primigeniae
1274 4331 1455 4395 illius
1504 4312 1665 4395 vatis
1712 4332 1854 4396 aedi
1922 4332 2204 4396 vidimus
2258 4335 2548 4399 vicinum
2593 4334 2792 4399 fuisse
2837 4333 3157 4398 Fortunae
3205 4335 3428 4397 matris
3474 4334 3781 4399 sacellum
3827 4337 4177 4401 castissime
4222 4354 4260 4396 a

648 4456 959 4519 matronis
1006 4455 1235 4519 cultae.
1327 4456 1479 4519 huic
1547 4475 1695 4520 cum
1742 4456 2049 4537 Puerum,
2071 4456 2291 4521 Iovem
2336 4458 2788 4543 Iunonemque
2855 4461 2922 4521 in
2989 4460 3231 4543 gremio
3278 4458 3475 4521 tuisse
3522 4459 3839 4541 audimus,
3899 4461 4096 4524 satius
4140 4457 4260 4520 erit

648 4598 781 4642 non
849 4578 1151 4642 hariolari
1221 4578 1299 4642 de
1368 4599 1563 4644 cansa
1630 4581 1974 4664 singularis
2034 4582 2232 4646 huius
2278 4583 2639 4666 religionis:
2712 4582 2825 4647 sed
2893 4590 3106 4646 tamen
3153 4583 3301 4665 quis
3346 4583 3633 4665 miretur,
3702 4584 3876 4667 quod
3921 4602 3996 4646 ea
4039 4586 4262 4661 aetate,

651 4721 845 4784 quam
891 4702 1226 4766 hominum
1295 4721 1625 4767 caseorum
1672 4704 2185 4790 Aboriginumve
2244 4726 2383 4770 esse
2452 4708 2607 4790 dixi,
2678 4707 2996 4771 Fortunae
3062 4707 3396 4772 muliebris
3457 4726 3717 4787 numen,
3795 4706 3968 4792 quod
4019 4704 4261 4769 Romae

652 4844 910 4908 quoque
956 4826 1205 4890 cultum
1249 4832 1383 4907 est,
1408 4829 1624 4892 visum
1669 4832 1752 4894 sit
1794 4850 1924 4894 non
1971 4829 2306 4894 hominum
2351 4832 2562 4895 solum
2607 4831 2843 4896 liberos
2890 4838 3177 4896 materno
3225 4851 3441 4896 amore
3486 4830 3740 4906 fovisse,
3793 4851 4024 4896 verum
4069 4831 4264 4894 etiam

652 4968 957 5013 summos·
987 4949 1159 5031 deos,
1231 4970 1395 5034 quos
1442 4958 1625 5017 natos
1669 4972 1807 5018 esse
1852 4973 2120 5018 romana
2163 4962 2332 5019 certe
2376 4956 2603 5040 religio
2651 4956 2925 5037 admisit,
2988 4956 3173 5040 quasi
3217 4955 3521 5040 parvulos
3566 4956 3916 5021 lactentes?
3993 4975 4116 5020 nec
4160 4955 4270 5019 de·

652 5079 803 5137 sunt
848 5074 1136 5158 vestigia,
1202 5075 1496 5140 divinum
1563 5096 1806 5141 numen
1851 5077 2029 5142 Italis
2091 5085 2316 5143 notum
2383 5080 2582 5145 fuisse
2651 5080 2788 5144 deis
2835 5080 3157 5144 deabusve
3211 5080 3534 5145 omnibus-
3561 5086 3625 5144 et
3670 5081 3790 5144 hoc
3832 5082 3975 5164 ipso
4021 5082 4092 5144 in
4140 5098 4267 5163 quo

654 5197 936 5262 vivimus
981 5198 1224 5263 mundo
1272 5202 1622 5285 antiquius.
1718 5220 1836 5265 nec
1881 5203 2119 5266 mirum
2166 5210 2264 5267 est
2306 5204 2604 5288 profectO,
2653 5204 2824 5288 quod
2871 5211 3199 5269 matronae
3244 5206 3704 5288 praenestinae,
3747 5207 3919 5269 inter
3964 5224 4127 5290 quas
4172 5209 4270 5268 est

638 5318 928 5385 -Orcevia
956 5320 1017 5385 N
1020 5324 1250 5387 umerii
1282 5332 1517 5408 nostra,
1563 5326 1853 5391 nationis
1891 5327 2107 5411 qratia
2139 5347 2270 5392 non
2317 5329 2528 5393 solum
2573 5331 2642 5392 in
2687 5328 2922 5394 sacello
2944 5327 3265 5394 Fortunae
3309 5329 3646 5394 muliebris
3687 5331 3996 5413 fecerunt,
4042 5347 4269 5393 verum
