4859 6392
2631 638 2710 701 16

2841 730 2882 737 ..-

855 854 1089 936 Enyus
1132 854 1482 939 imaginem
1527 851 1833 916 Medusae
1878 853 2157 917 similem
2202 853 2270 915 in
2314 853 2436 918 hoc
2479 852 2714 937 poculo
2757 853 2994 936 pictam
3040 871 3198 916 esse.
3306 852 3464 935 quid
3525 852 3753 917 circuli
3797 852 4166 917 maculaeve
4214 851 4562 916 utrinde

854 979 1047 1064 positi
1092 976 1456 1062 significent
1499 995 1677 1041 nunc
1723 995 1984 1059 quoque
2026 978 2272 1061 ignoro.
2383 995 2548 1061 quae
2607 996 2758 1040 cum
2815 977 2908 1038 ita
2966 976 3096 1039 sint
3150 975 3376 1041 nullus
3422 975 3646 1040 dubito
3695 977 3856 1059 quin
3900 982 4152 1060 praeter
4197 975 4558 1040 Garruo-

855 1104 1029 1167 cium
1077 1102 1181 1166 vel
1229 1101 1773 1166 contumacissimi
1814 1101 2012 1165 falsae
2059 1102 2378 1185 opinionis
2423 1101 2787 1165 laudatores
2831 1119 3008 1164 nunc
3052 1101 3499 1182 concesserint,
3561 1100 3814 1164 incuria
3868 1101 4176 1184 pictorem
4253 1099 4564 1164 bdolai

854 1226 1107 1291 dedisse
1156 1224 1331 1309 quod
1376 1224 1626 1289 belonai
1669 1224 1893 1289 debuit
1936 1244 2094 1307 esse,
2154 1244 2302 1290 cum
2356 1225 2733 1309 praesertim
2777 1225 2915 1288 bini
2979 1230 3230 1310 praeter
3292 1224 3644 1290 leviculum
3711 1224 3885 1289 huuc
3929 1225 4182 1307 lapsum
4226 1243 4554 1288 errores

853 1352 1172 1436 pictorum
1220 1350 1410 1433 eique
1466 1356 1563 1414 sat
1619 1368 1849 1434 graves
1914 1351 1985 1413 in
2055 1356 2412 1414 ceterorum
2476 1349 2857 1433 poculorum
2920 1350 3127 1413 titulis
3190 1350 3515 1434 supersint
3567 1348 3928 1433 pococolom
3994 1354 4057 1412 et
4110 1348 4550 1414 iunonenes

855 1476 1090 1559 scripta
1144 1493 1287 1537 cum
1336 1474 1498 1537 falsa
1542 1473 1830 1554 syllabae
1874 1475 2161 1559 integrae
2204 1475 2603 1557 repetitione.
2705 1478 3031 1557 praeterea
3075 1473 3236 1537 nihil
3282 1472 3588 1537 dixerunt
3633 1473 3746 1556 qui
3803 1471 4132 1537 Dudcmai
4199 1472 4544 1536 formam

853 1599 1359 1682 requisiverunt:
1404 1617 1557 1661 nam
1623 1603 1697 1661 ut
1744 1596 1977 1662 movis-
2042 1603 2105 1662 et
2150 1597 2326 1662 Iovis
2393 1597 2682 1662 eiusdem
2753 1599 2978 1661 aetatis
3048 1617 3188 1662 esse
3234 1602 3482 1661 constat
3535 1596 3638 1660 vel
3693 1596 3848 1661 solis
3893 1579 4202 1661 cistarum
4245 1614 4540 1679 specu-

854 1723 1195 1805 lorumque
1262 1723 1817 1805 praenestinorum
1880 1723 2282 1805 testimoniis,
2333 1723 2423 1786 ita
2495 1722 2640 1805 quis
2688 1740 2927 1804 quaeso
2991 1721 3520 1788 demonstraverit
3569 1720 3937 1785 inauditum
3980 1720 4180 1784 fuisse
4227 1719 4538 1785 Belona

855 1867 930 1912 eo
976 1852 1265 1929 tempore
1309 1865 1459 1931 quo·
1487 1844 1786 1909 Duelom
1828 1845 2397 1928 frequentabatur?

1173 1970 1391 2034 Plauti
1457 1975 1741 2054 tempore
1785 1969 2028 2035 Romae
2074 1969 2411 2036 Bellonam
2483 1990 2633 2034 cum
2702 1969 2906 2034 Marte
2973 1970 3256 2034 militum
3323 1975 3657 2053 patronam
3717 1969 3917 2034 fuisse
3973 1966 4344 2033 Cleomachi
4427 1969 4520 2031 in

852 2094 1251 2160 Bacchidum
1318 2115 1379 2158 v,
1427 2095 1555 2157 847
1620 2096 1724 2157 ius
1779 2095 2127 2158 iurandum
2196 2095 2512 2178 patefacit.
2603 2096 2829 2159 eodem
2895 2101 3180 2178 tempore
3247 2095 3318 2157 in
3363 2098 3691 2177 pervetere
3755 2094 3953 2157 huius
3998 2092 4154 2157 deae
4201 2093 4367 2157 aede
4426 2094 4516 2157 in

854 2220 1024 2283 circo
1083 2218 1398 2282 Flaminio
1462 2217 1749 2283 dedicata
1833 2223 2097 2283 senatus
2182 2219 2405 2303 populi
2462 2221 2713 2283 romani
2775 2218 3212 2299 conveniebQ
3275 2201 3591 2302 siquando
3653 2223 3840 2282 extra
3895 2217 4255 2301 pomerium
4322 2236 4514 2281 con·

852 2343 1157 2407 veniendi
1222 2342 1510 2426 bellique
1576 2344 1717 2406 iura
1786 2343 2186 2427 disceptandi
2238 2344 2509 2409 facultas
2576 2344 2866 2408 dabatur.
2956 2342 3266 2427 poculum
3331 2342 3631 2408 Bellonae
3677 2361 3825 2406 cum
3873 2341 4124 2425 poculis
4170 2341 4511 2407 omnibus

855 2472 1171 2551 quotquot
1237 2466 1449 2530 adhuc
1513 2468 1775 2531 inventa
1843 2470 1975 2532 sint
2044 2468 2310 2531 deorum
2360 2469 2708 2532 latinorum
2769 2469 2967 2532 sacris
3013 2473 3217 2532 aetate
3261 2466 3474 2532 Plauti
3523 2467 3852 2550 antiquius
3899 2470 4010 2531 est.
4097 2467 4168 2529 in
4215 2466 4314 2530 his
4366 2486 4510 2550 po-

852 2592 1017 2655 culis
1065 2611 1230 2675 quae
1276 2596 1525 2675 reperta
1571 2597 1723 2656 sunt
1766 2593 2032 2657 nomina
2076 2591 2346 2656 deorum
2385 2592 2665 2675 Saturni,
2714 2592 3000 2675 Volcani,
3045 2591 3225 2674 Keri,
3267 2591 3657 2674 Aesculapii,
3702 2591 3969 2655 dearum
4012 2588 4302 2670 Iunonia,
4351 2589 4504 2653 Mi-

848 2735 1105 2795 nervae,
1154 2715 1484 2796 Bellonae,
1530 2715 1822 2799 VeneriS,
1869 2715 2130 2797 SalutiS‚
2180 2715 2403 2799 Curae,
2449 2717 2812 2800 Aequitiae,
2865 2717 3208 2800 Fortunae,
3273 2714 3617 2797 Lavernae,
3683 2736 3760 2779 ea
3803 2722 3941 2780 tum
3987 2715 4291 2797 temporis
4337 2733 4495 2779 non

852 2840 1063 2903 solum
1110 2839 1354 2904 Romae
1400 2858 1631 2903 verum
1676 2842 1845 2904 inter
1890 2841 2125 2906 latinae
2169 2843 2378 2925 gentis
2423 2841 2740 2925 latinique
2801 2843 3114 2906 sermonis
3173 2841 3463 2905 homines
3527 2840 3734 2904 cultos
3780 2858 3919 2904 esse
3965 2843 4490 2904 consentaneum

851 2968 962 3027 est.
1056 2963 1301 3027 dixeris
1347 2963 1654 3028 Bellonae
1698 2965 2007 3048 poculum
2051 2966 2274 3030 militis
2320 2966 2595 3030 alicuius
2628 2966 2923 3051 sepulcro
2953 2966 3231 3030 inlatum
3276 2984 3434 3047 eoee,
3474 2965 3611 3029 sive
3655 2966 3712 3035 is
3756 2965 3827 3026 in
3871 2969 4053 3028 tusco
4101 2963 4487 3046 municipio,

849 3086 1025 3153 unde
1071 3089 1473 3171 suspicamur
1515 3089 1804 3174 prodisse
1849 3091 2178 3174 poculum,
2245 3091 2500 3173 vixerit,
2561 3091 2728 3159 sive„
2741 3090 2918 3156 alibi.
3013 3090 3094 3155 de
3159 3090 3260 3153 his
3329 3107 3590 3173 quoque
3644 3086 3842 3153 rebus
3901 3085 4178 3171 amplius
4225 3087 4482 3153 dictum

854 3216 949 3275 est
993 3211 1349 3275 Annalium
1396 3213 1534 3276 loco
1581 3234 1628 3276 s.
1674 3233 1723 3278 s,

1172 3405 1412 3472 Datum
1456 3407 1846 3493 Regimontii
1892 3408 1951 3474 d.
2007 3409 2088 3472 10
2131 3408 2194 3472 N
2198 3429 2296 3474 ov.
2348 3407 2538 3473 1884.
