4859 6392
2373 619 2412 681 5

916 830 1121 893 solam
1181 830 1518 914 hucusque
1563 831 1850 915 lapidum
1905 830 2247 896 Praeneste
2309 832 2730 896 oriundorum
2778 830 3215 895 condicionem
3265 831 3762 895 aestimavimus,
3873 850 3908 895 e
3973 832 4215 916 quibus

586 952 883 1036 efficitur,
927 960 1005 1018 ut
1032 953 1319 1020 Fortuna
1362 955 1455 1019 ibi
1486 954 1659 1018 Iovis
1703 955 1835 1019 filia
1876 956 2042 1039 (sive
2077 953 2266 1041 puer)
2312 956 2696 1040 primigenia
2725 960 2789 1019 et
2816 954 3035 1018 habita
3069 956 3152 1018 sit
3183 959 3247 1018 et
3277 954 3459 1018 dicta.
3539 974 3705 1039 quae
3738 957 4209 1039 cognominatio

584 1096 717 1162 quo
783 1080 1119 1161 pertineat,
1178 1079 1347 1143 infra
1420 1078 1807 1143 videbimus
1897 1099 2073 1144 nunc
2138 1079 2330 1144 Tullii
2376 1080 2816 1144 testimonium
2871 1079 3033 1143 illud
3087 1079 3442 1163 permirum
3501 1079 3572 1141 in
3627 1097 3823 1143 causa
3866 1085 3978 1158 est,
4033 1080 4212 1162 quod

584 1200 753 1265 libro
818 1201 898 1266 de
944 1201 1338 1267 divinatione
1384 1203 1666 1267 secundo
1737 1205 1863 1287 (41,
1913 1205 1995 1267 85
2044 1203 2121 1288 s.)
2197 1205 2512 1268 insertum
2555 1203 2859 1285 legimus:
2918 1201 3315 1266 Numerium
3377 1200 3784 1284 Suffustium
3841 1252 3855 1267 .
3911 1253 3925 1268 .
3981 1254 3995 1267 .
4053 1223 4203 1287 per-

581 1323 789 1407 fracto
831 1345 988 1391 saxo
1030 1326 1227 1390 sortis
1270 1328 1559 1411 empisse
1605 1327 1679 1391 in
1722 1326 1941 1391 robore
1985 1327 2342 1412 insculptas
2379 1327 2756 1411 priscarum
2815 1327 3175 1390 litterarum
3219 1326 3410 1390 noti-3.
3505 1325 3568 1390 is
3634 1332 3726 1390 est
3787 1326 3972 1391 hodie
4037 1328 4213 1392 locus

582 1453 844 1533 saeptus
886 1450 1174 1534 releyiose
1208 1455 1476 1535 propter
1503 1451 1681 1531 Iovis
1700 1451 1914 1536 puen‘,
1963 1452 2081 1535 qui
2109 1452 2342 1516 lactens
2372 1472 2522 1516 cum
2559 1450 2813 1515 Iunone
2835 1449 3168 1514 Fortunae
3195 1450 3272 1513 in
3311 1449 3556 1533 gremio
3594 1449 3819 1514 sedens
3846 1470 4212 1517 mammam

583 1572 885 1656 adpetens
946 1573 1304 1638 castissime
1366 1575 1597 1639 colitur
1656 1596 1699 1638 a
1741 1575 2082 1639 matribus.
2193 1577 2527 1659 eodemque
2573 1581 2846 1659 tempore
2888 1575 2966 1638 in
3011 1594 3080 1638 eo
3142 1575 3288 1656 low,
3341 1573 3459 1638 ubi
3501 1573 3835 1638 Fortunae
3893 1595 4077 1639 nunc
4121 1582 4213 1640 est

584 1696 781 1779 aedes,
850 1697 974 1761 mel
1014 1719 1091 1762 ex
1132 1699 1265 1763 olea
1310 1698 1582 1781 sluoeisse
1623 1699 1883 1777 dieunt‚·
1952 1718 2035 1763 ex
2081 1719 2155 1763 ea
2201 1706 2413 1764 autem
2461 1701 2601 1764 olea
2643 1700 2874 1763 factam
2938 1718 3077 1763 esse
3125 1718 3336 1762 arcam
3402 1717 3609 1782 eoque
3671 1698 3961 1763 conditas
4007 1706 4210 1765 sortes

587 1840 820 1904 easque
850 1819 1185 1887 Fortunae
1226 1823 1483 1887 monitu
1519 1824 1718 1908 pueri
1759 1844 1968 1888 manu
2012 1825 2266 1888 misceri
2312 1830 2504 1907 atque
2551 1824 2730 1888 duci:
2785 1823 2940 1906 fani
2973 1823 3392 1909 pulchritudo
3436 1827 3494 1886 et
3520 1827 3802 1906 vetustas
3835 1823 4214 1907 praenasci--

586 1964 829 2008 mrum
897 1944 1090 2010 etiam
1150 1967 1336 2011 nunc
1399 1946 1630 2011 retinet
1679 1946 1956 2011 sortium
2012 1967 2247 2012 nomen
2305 1954 2495 2031 atque
2546 1948 2620 2012 id
2671 1948 2748 2011 in
2803 1948 3039 2031 volgus.
3143 1965 3274 2010 non
3319 1948 3626 2011 immoror
3682 1947 4056 2011 enarrandis
4101 1947 4207 2011 vel

586 2070 967 2133 ratiunculis
1011 2070 1336 2153 inanibuS,
1405 2070 1643 2153 quibus
1707 2072 1868 2135 alter
1933 2070 2248 2135 emblema
2310 2077 2408 2136 sat
2453 2071 2737 2155 amplum
2785 2070 2983 2136 verba
3030 2070 3356 2135 Ciceronis
3402 2090 3747 2154 occupasse
3804 2072 3872 2134 in
3918 2073 4207 2136 animum

586 2193 861 2276 induxit,
905 2193 1012 2258 vel
1049 2194 1341 2260 verbosis
1364 2197 1760 2272 commentiS,
1812 2195 2052 2279 quibus
2085 2196 2244 2259 alter
2288 2198 2720 2261 sinceritatem
2764 2198 2962 2260 totius
3006 2195 3393 2259 narrationis
3437 2200 3681 2259 tutatus
3728 2200 3853 2259 est:
3927 2195 4209 2279 denique

587 2318 784 2382 verbo
852 2337 1113 2383 monere
1177 2319 1498 2401 sathabeo,
1560 2318 1732 2402 quod
1788 2326 1961 2384 recte
2006 2320 2111 2383 hic
2158 2326 2503 2385 exsecutus
2548 2325 2661 2403 est,
2713 2321 2990 2405 pessimo
3048 2319 3314 2383 consilio
3373 2320 3682 2402 quosdam
3731 2320 3968 2384 lactens
4020 2340 4210 2384 voca-

588 2441 815 2506 bulum
860 2443 1297 2527 interpolatori
1344 2441 1678 2517 tribuisse3
1728 2442 2020 2506 lactentis
2055 2445 2225 2508 enim
2273 2449 2769 2529 cognomentum
2814 2447 3084 2507 aetatem
3128 2442 3384 2526 pueruli
3424 2443 3949 2507 circumscribere
3996 2462 4211 2528 neque

590 2570 929 2649 quicquam
976 2567 1105 2630 illis
1153 2586 1317 2650 quae
1365 2572 1675 2631 secuntur
1718 2586 2076 2631 mammam
2118 2573 2421 2652 appetens
2465 2568 2568 2632 vel
2614 2574 3014 2652 praevertere
3059 2565 3165 2630 vel
3210 2566 3426 2629 inutili
3474 2567 3909 2632 cumulatione
3956 2568 4210 2633 adicere

588 2691 655 2753 111
700 2690 1033 2776 propatulo
1081 2696 1198 2755 est.
1288 2692 1408 2754 hoc
1454 2691 1683 2773 agitur,
1728 2696 1801 2753 ut
1847 2689 2021 2773 quod
2066 2691 2314 2755 Tullius
2358 2691 2733 2776 planissime
2778 2691 3019 2772 edocet,
3062 2690 3261 2754 fuisse
3309 2692 3649 2755 Praeneste
3695 2692 4002 2756 sacellum
4050 2699 4209 2757 tem-

590 2815 846 2898 plumve
890 2814 1068 2878 Iovis
1112 2814 1308 2879 Pueri
1353 2816 1423 2877 in
1468 2832 1675 2898 eoque
1719 2813 1896 2878 hunc
1938 2815 2152 2898 ipsum
2199 2835 2347 2879 cum
2392 2815 2642 2880 Iunone
2686 2814 3007 2879 Fortunae
3053 2816 3123 2877 in
3167 2814 3411 2898 gremio
3470 2815 3813 2878 lactentem
3874 2816 4210 2898 insedisse,

591 2936 784 3001 fuisse
851 2937 1089 3003 ibidem
1163 2939 1317 3003 alio
1387 2938 1582 3020 loco,
1652 2939 1787 3002 sive
1856 2940 2071 3003 vicino
2136 2941 2272 3004 sive
2338 2940 2528 3025 longe
2597 2944 2858 3021 remotO,
2927 2938 3149 3002 aedem
3197 2937 3518 3002 Fortunae
3573 2939 4001 3022 Primigeniae
4047 2959 4208 3013 eam,

589 3061 774 3124 cuius
816 3062 1180 3145 pulcritudo
1227 3068 1291 3126 et
1338 3067 1617 3125 vetustas
1662 3061 1768 3125 vel
1812 3062 2030 3126 infimo
2074 3064 2329 3145 imperii
2374 3064 2626 3127 romani
2672 3081 2829 3126 aevo
2874 3062 3180 3126 laudibus
3227 3067 3290 3125 et
3319 3061 3738 3126 admiratione
3778 3063 4009 3145 dignae
4054 3072 4207 3128 sunt

586 3183 853 3265 habitae,
921 3186 988 3248 id
1033 3205 1117 3250 ne
1160 3187 1482 3270 patiamur
1522 3186 1945 3269 interpretum
1991 3186 2242 3249 incuria
2287 3186 2632 3250 obscurari.
2729 3192 2792 3250 et
2835 3187 3187 3249 rectissime
3235 3185 3498 3268 quidem
3544 3204 3684 3249 esse
3731 3186 3906 3251 hunc
3949 3188 4206 3251 tulliani

586 3308 710 3372 loci
757 3329 1017 3374 sensum
1065 3310 1326 3394 agnovit
1370 3310 1921 3392 Praenestinarum
1971 3311 2427 3394 antiquitatum
2485 3317 2678 3394 atquo
2724 3310 3032 3374 ruderum
3088 3309 3424 3392 indagator
3467 3309 3956 3374 sollertissimus
3999 3309 4210 3375 Hora-

584 3435 714 3498 tius
758 3433 1087 3498 Marucchi
1132 3433 1408 3497 instituti
1453 3434 1654 3497 nostri
1701 3435 1950 3497 romani
1996 3441 2276 3497 actorum
2329 3456 2383 3497 a.
2437 3434 2601 3497 1881
2653 3455 2710 3518 p.
2760 3434 2886 3497 250
2928 3452 3042 3511 ss.;
3102 3433 3217 3516 qui
3263 3442 3477 3496 tamen
3524 3452 3683 3496 num
3729 3440 3900 3497 recte
3947 3442 4207 3498 conten-

585 3557 749 3621 derit
818 3579 994 3622 nunc
1059 3577 1318 3642 quoque
1379 3557 1578 3641 probe
1636 3557 1878 3621 dinosci
1945 3558 2086 3622 aedi
2130 3557 2245 3637 illi,
2314 3578 2508 3642 quam
2566 3558 2785 3622 Cicero
2845 3557 3067 3621 laudat
3123 3558 3437 3640 cuiusque
3484 3558 3770 3641 ingentia
3813 3557 4044 3621 rudera
4094 3560 4208 3641 qui

585 3680 927 3747 Praeneste
991 3682 1266 3745 adiimus
1324 3683 1537 3747 mirati
1593 3701 1838 3763 sumus,
1902 3683 1973 3744 in
2033 3681 2161 3745 alto
2233 3682 2390 3746 sitae
2453 3681 2813 3746 subiectum
2867 3680 3058 3764 paulo
3105 3680 3375 3743 inferius
3421 3680 3619 3745 Pueri
3667 3681 3840 3745 Iovis
3898 3682 4201 3745 sacellum

586 3807 987 3890 sortiumque
1057 3814 1335 3884 antrum,
1404 3814 1541 3870 tum
1611 3806 1874 3869 demum
1947 3804 2284 3870 diiudicari
2352 3806 2606 3889 poterit,
2674 3824 2819 3868 cum
2889 3809 2951 3868 et
3017 3804 3222 3887 ipsius
3269 3803 3623 3870 Marucchii
3681 3812 3745 3868 et
3800 3806 4205 3888 quorundam

585 3930 1067 3994 architectorum
1138 3929 1743 4013 francogallicorum
1818 3930 2031 3993 studia
2092 3930 2161 3991 111
2231 3928 2741 4012 redintegrandis
2803 3930 3354 4011 praenestinorum
3414 3928 3846 3993 aedificiorum
3911 3930 4208 4013 reliquiis

583 4056 789 4138 posita
855 4055 1104 4136 integra
1176 4050 1477 4117 manibus
1532 4054 1766 4116 nostris
1828 4053 2246 4118 versabimur.
2338 4053 2619 4137 denique
2688 4052 2860 4135 quod
2913 4054 3098 4136 pueri
3156 4072 3354 4116 manu
3409 4059 3611 4117 sortes
3667 4052 3990 4117 Fortunae
4054 4054 4205 4116 duci

584 4178 904 4257 dicuntur,
951 4177 1071 4240 1100
1116 4177 1256 4240 1000
1302 4178 1575 4242 missum
1621 4178 1959 4241 faciamus:
2008 4179 2193 4262 pueri
2240 4177 2319 4241 ad
2365 4178 2487 4240 1100
2531 4178 2862 4260 negotium
2906 4176 3284 4240 instituendi
3333 4178 3670 4241 consilium
3726 4197 3806 4240 an
3855 4179 4204 4261 quicquam

584 4320 922 4366 commune
988 4299 1221 4364 habeat
1289 4321 1441 4365 011111
1508 4301 1705 4366 Ρ11011
1760 4301 1933 4366 Iovis
1992 4302 2190 4380 cultu,
2243 4321 2365 4366 nec
2411 4302 2784 4384 quaerimus
2837 4300 2958 4363 hoc
3011 4300 3152 4364 loco
3196 4320 3427 4384 neque,
3485 4306 3840 4384 utcumque
3888 4321 3963 4364 ea
4008 4302 4087 4364 de
4133 4321 4206 4365 re

582 4424 1004 4490 iudicandum
1050 4427 1150 4505 sit,
1220 4425 1444 4489 circuli
1494 4427 1634 4489 eius
1683 4427 2075 4509 quaestionis
2123 4444 2313 4509 quam
2362 4444 2538 4488 nunc
2582 4424 3033 4508 persequimur
3077 4423 3322 4488 turbari
3369 4424 3631 4506 possint.
3694 4424 3970 4489 efficitur
4005 4427 4208 4510 igitur

582 4569 617 4614 e
683 4549 1046 4614 testimonio
1118 4546 1459 4629 Ciceronis,
1527 4553 1602 4612 ut
1662 4548 2092 4633 Primigeniae
2141 4547 2462 4611 Fortunae
2509 4546 2697 4611 aedes
2751 4553 3007 4611 vetusta
3074 4554 3137 4612 et
3189 4547 3414 4631 pulcra
3472 4548 3668 4612 fuerit
3720 4549 3941 4633 ibique
4000 4558 4206 4615 sortes

580 4674 808 4738 ductae
875 4675 1031 4737 sint:
1098 4675 1164 4736 iu
1231 4674 1468 4757 templo
1540 4680 1755 4737 autem
1834 4673 2151 4738 sacellove
2231 4671 2310 4735 ab
2390 4691 2466 4737 ea
2544 4671 2836 4753 discretO,
2918 4691 3146 4736 verum
3224 4672 3493 4736 fortasse
3569 4674 3801 4755 vicino,
3885 4673 4206 4738 Fortunae

585 4800 843 4882 signum
887 4798 1081 4861 fuerit
1126 4796 1266 4861 Iovi
1314 4797 1526 4862 Puero
1573 4797 1941 4880 Iunonique
1987 4814 2331 4860 mammam
2377 4795 2756 4880 praebentis.
2832 4797 2962 4860 iam
3009 4816 3157 4860 cum
3204 4795 3375 4860 haud
3424 4796 3646 4879 paucis
3693 4799 4006 4882 exemplis
4052 4819 4202 4862 con-

582 4929 711 4987 stet
752 4929 885 4986 tam
932 4920 1195 4986 urbanis
1245 4942 1437 5005 quam
1484 4920 1985 5005 municipalibus
2032 4921 2201 4984 01100
2244 4922 2550 5004 primaria
2594 4921 2935 4984 numinum
2981 4921 3219 5004 templa
3265 4921 3623 4984 surrexisse
3668 4921 3918 4984 minora
3961 4922 4200 4986 eisdem

585 5069 782 5129 sacra,
827 5067 959 5112 non
1005 5047 1227 5111 dubito
1277 5049 1432 5130 quin
1481 5048 1675 5111 etiam
1719 5046 2198 5129 praenestinum
2244 5044 2408 5109 illud
2457 5046 2787 5129 templum,
2850 5045 3023 5130 quod
3068 5043 3242 5108 Iovis
3287 5044 3484 5109 Pueri
3527 5046 3790 5108 nomine
3834 5045 4001 5128 apud
4048 5044 4204 5110 Tul·-

582 5174 743 5237 lium
791 5177 1221 5255 nuncupatur,
1266 5192 1414 5236 cum
1460 5170 1798 5252 Fortunae,
1860 5188 2023 5253 quae
2084 5170 2304 5233 matris
2362 5170 2506 5233 eius
2568 5171 2778 5234 vicem
2822 5167 3166 5254 optinebat,
3208 5168 3628 5253 religionibus
3686 5170 4003 5233 artissime
4049 5190 4202 5232 con-

584 5300 877 5363 ‘runctum
944 5296 1154 5360 fuerit.
1246 5296 1446 5360 fuisse
1512 5297 1711 5380 igitur
1778 5294 1941 5358 illud
2004 5292 2324 5358 Fortunae
2393 5294 2698 5358 sacellum
2769 5294 3084 5357 contendo
3149 5293 3218 5356 in
3274 5312 3477 5377 eoque
3533 5293 3738 5357 cultos
3793 5312 3942 5355 cum
3995 5305 4200 5356 matre
