4859 6392
1162 2173 1196 2237 I
1286 2172 1401 2238 DE
1449 2171 1789 2239 FORTVN
1796 2175 1856 2238 A
1902 2174 2135 2240 IOVIS
2182 2172 2416 2239 FILIA
2465 2172 2991 2239 PRIMIGENIA
3036 2173 3649 2240 PRAENESTINA

920 2313 1148 2433 Raro
1218 2368 1450 2432 accidit
1512 2375 1586 2433 ut
1653 2390 1884 2435 arcana
1948 2369 2333 2454 religionum
2388 2368 2747 2432 italicarum
2806 2370 3027 2453 spissis
3087 2369 3377 2453 undique
3441 2366 3695 2433 nebulis
3751 2376 3968 2454 saepta
4021 2370 4220 2435 intro-

598 2492 913 2578 spiciendi
969 2492 1239 2557 facultas
1295 2493 1484 2557 detur
1537 2492 1781 2558 detecto
1838 2497 2254 2558 monumento
2302 2492 2517 2576 aliquo
2584 2513 2808 2557 earum
2869 2494 3251 2577 primigenio
3311 2498 3375 2557 et
3419 2514 3458 2557 a
3501 2492 3884 2556 varroniana
3932 2493 4221 2557 doctrina

598 2616 891 2681 immuni.
994 2616 1223 2680 accidit
1283 2621 1497 2681 autem
1552 2637 1759 2702 nuper
1820 2620 2079 2683 invento
2144 2614 2464 2681 Fortunae
2528 2616 2713 2681 titulo
2767 2618 3147 2701 perantiquo
3205 2636 3440 2682 aeneae
3496 2615 3838 2680 lamminae
3894 2616 4219 2701 inscript0‚

602 2742 713 2825 qui
776 2745 1115 2825 postquam
1183 2742 1253 2803 in
1318 2741 1722 2825 ephemeride
1788 2741 2238 2827 francogallica
2307 2740 2602 2806 ‘bulletin
2657 2740 2735 2805 de
2791 2740 2855 2804 la
2908 2743 3141 2806 societe
3196 2741 3308 2805 des
3363 2741 3757 2825 antiqua—ires
3823 2739 3901 2803 de
3959 2738 4220 2805 France’

603 2866 753 2927 anni
812 2864 982 2926 1882
1041 2863 1249 2927 editus
1301 2884 1505 2948 paene
1563 2864 1919 2949 delituerat,
1984 2885 2159 2930 nunc
2202 2865 2459 2930 tandem
2508 2864 2936 2949 complurium
2995 2866 3243 2930 animos
3288 2864 3562 2930 advertit
3617 2861 3696 2926 ad
3755 2860 3948 2928 fidem
4004 2866 4220 2949 ectypi

600 3005 639 3048 a
682 2984 983 3051 Mowatio
1029 2988 1385 3051 transmissi
1432 2988 1711 3052 insertus
1758 2988 1835 3051 ab
1881 2988 2162 3053 Henrico
2203 2987 2454 3054 Dessau
2496 2988 2773 3054 Hermae
2819 2987 3082 3055 Roberti
3115 2987 3527 3072 Kaibeliique
3576 3008 3628 3050 a.
3673 2986 3844 3051 1884
3882 3009 3940 3072 p.
3974 2988 4103 3052 453
4137 3008 4218 3053 ss,

599 3129 673 3173 ac
719 3107 1013 3175 Dessavii
1061 3110 1320 3194 quidem
1367 3110 1737 3194 exemplum
1784 3112 1952 3175 infra
1997 3112 2331 3197 adscripsi:
3829 3104 3834 3111 ’

1774 3269 2159 3336 ORCEVIA
2207 3292 2219 3303 ·
2265 3270 2390 3335 NV
2394 3270 2613 3335 MERI

1773 3392 2161 3460 NATIONV
2211 3415 2224 3430 ·
2273 3393 2590 3459 CRATIA

1770 3517 2051 3584 FORTV
2052 3518 2178 3583 NA
2225 3539 2237 3551 ·
2285 3516 2557 3583 DIOVO
2612 3537 2625 3552 ·
2672 3518 2948 3584 FHEH
2991 3512 3025 3539 Χ

1775 3641 2045 3707 PRIMO
2096 3661 2111 3676 ·
2159 3641 2428 3707 OENIA

1775 3765 1955 3831 DON
1961 3765 2084 3830 OM
2137 3785 2151 3800 ·
2197 3764 2411 3831 DEDI

602 3928 669 3987 et
710 3923 867 3988 haec
914 3924 1173 4008 quidem
1221 3926 1438 3990 omnia
1483 3931 1689 3990 certae
1735 3927 2028 3990 lectionis
2074 3926 2377 3991 videntur
2444 3945 2581 3991 esse
2628 3932 2742 3991 aut
2786 3930 2954 3990 certe
3001 3927 3140 3990 visa
3193 3930 3347 3990 sunt
3390 3945 3531 3990 esse
3577 3925 3824 4007 editori,
3870 3927 3998 3991 nisi
4046 3926 4222 4010 quod

603 4045 885 4111 dubitari
930 4066 1115 4131 posse
1160 4050 1216 4113 is
1262 4050 1591 4114 adnotavit
1632 4070 1690 4133 p.
1736 4048 1890 4131 455,
1934 4070 2019 4114 an
2062 4052 2270 4134 primo
2338 4070 2530 4115 versu
2595 4054 2881 4114 extremo
2929 4048 3186 4114 FILEA
3231 4049 3619 4114 vocabulum
3673 4051 3959 4134 perierit:
4026 4056 4220 4134 atque

600 4171 671 4233 in
739 4190 885 4236 aere
962 4172 1222 4255 quidem
1286 4173 1660 4238 Mowatium
1725 4173 1852 4237 sibi
1917 4175 2133 4239 visum
2193 4192 2335 4240 esse
2396 4180 2591 4239 tenue
2659 4175 2849 4259 primi
2918 4174 3214 4238 elementi
3272 4174 3613 4258 vestigium
3673 4173 4039 4253 observare3
4097 4173 4221 4238 sibi

602 4295 861 4360 nullum
905 4297 1339 4380 comparuisse
1382 4299 1453 4361 in
1498 4303 1747 4382 ectypo,
1810 4318 1938 4383 qua
1984 4299 2062 4363 de
2107 4317 2195 4379 re,
2244 4302 2319 4364 ut
2361 4318 2538 4363 nunc
2581 4318 2683 4363 res
2729 4304 2843 4382 est,
2889 4298 3193 4382 quoniam
3237 4316 3370 4362 non
3415 4299 3694 4381 imagine
3733 4298 3947 4381 ectypi
3993 4316 4222 4361 verum

604 4425 739 4484 arte
785 4420 1169 4504 typographi
1210 4438 1351 4485 rem
1394 4441 1582 4506 agere
1628 4422 1859 4487 editori
1902 4422 2110 4506 libuit,
2174 4428 2248 4487 ut
2309 4423 2635 4506 discriptio
2698 4440 3008 4486 versuum
3054 4422 3647 4505 elementorumque
3703 4420 3915 4505 qualis
3961 4422 4030 4485 in
4076 4439 4222 4485 aere

603 4544 705 4627 sit,
748 4542 937 4608 nobis
975 4544 1229 4608 nullum
1270 4551 1586 4631 competat
1623 4546 1958 4625 iudicium,
2000 4548 2157 4611 certi
2202 4547 2365 4610 nihil
2406 4546 2710 4610 constitui
2748 4550 2973 4630 potest.
3067 4545 3182 4610 sed
3227 4550 3440 4610 tamen
3480 4563 3663 4629 spero
3703 4543 3860 4624 fore,
3899 4548 3972 4609 ut
4017 4545 4221 4629 siquis

602 4667 1021 4751 archetypum
1066 4671 1396 4754 exemplar
1439 4671 1805 4735 accuratius
1850 4670 2064 4734 denuo
2110 4671 2373 4735 intentis
2419 4670 2625 4734 oculis
2671 4670 3152 4752 examinaverit,
3199 4674 3371 4733 certo
3420 4672 3738 4753 agnoscat,
3782 4668 3850 4732 id
3899 4669 4072 4753 quod
4118 4688 4222 4734 res

603 4792 743 4875 ipsa
788 4790 1075 4876 flagitare
1119 4792 1396 4878 videtur,
1440 4795 1603 4859 nihil
1647 4796 1851 4879 primo
1898 4813 2093 4858 versu
2139 4794 2493 4859 detractum
2538 4811 2709 4874 esse;
2782 4794 3114 4878 agnoverit
3176 4794 3370 4857 etiam
3417 4798 3636 4857 utrum
3680 4797 3968 4858 extremo
4032 4793 4219 4859 titulo

606 4912 823 4980 DEDI
868 4915 1144 5000 scalptor
1175 4917 1437 5002 dederit,
1484 4938 1568 4982 an
1615 4919 1788 5002 quod
1835 4937 2040 5002 aequo
2087 4919 2246 5000 iure,
2291 4938 2373 4984 ne
2418 4920 2627 4983 dicam
2673 4919 2937 4984 meliore
2982 4917 3415 5002 requisiveris‚
3460 4914 3716 4999 DEDE,
3762 4916 4041 5001 denique
4086 4935 4223 4982 cer-

602 5042 829 5103 tumne
875 5041 959 5104 sit
1002 5038 1075 5104 ia
1119 5041 1582 5108 elementorum
1625 5042 1933 5127 reliquias
1978 5061 2310 5126 superesse
2356 5045 2542 5108 tertio
2588 5062 2782 5108 versu
2829 5048 3135 5123 extremo,
3190 5061 3276 5105 an
3321 5040 3506 5105 binas
3567 5041 3804 5105 veteris
3872 5039 3945 5108 A
4006 5041 4221 5107 hastas

602 5163 1045 5228 sinistrorsum
1091 5184 1448 5232 conversae.
1540 5167 1673 5250 sed,
1733 5172 1810 5230 ut
1855 5166 2012 5246 dixi,
2083 5187 2259 5232 nunc
2314 5166 2854 5253 acquiescendum
2910 5171 3007 5230 est
3059 5166 3129 5229 in
3175 5184 3252 5229 ea
3311 5165 3582 5229 lectione
3630 5183 3824 5248 quam
3870 5162 4222 5230 Dessavius

604 5285 1063 5370 suppeditavit:
1113 5289 1417 5375 leguntur
1459 5292 1658 5376 igitur
1702 5292 1772 5354 in
1817 5290 2053 5356 tabella
2094 5293 2220 5357 ista
2262 5310 2464 5358 aenea
2517 5328 2602 5339 -
2658 5291 2845 5356 cuius
2891 5308 3224 5355 mensuras
3279 5288 3512 5353 addere
3569 5287 3777 5352 eidem
3823 5287 4224 5373 superfluum

3803 5416 3866 5473 1*
