4859 6392
2214 687 2296 749 15

764 898 1072 964 Bellonae
1133 900 1333 984 igitur
1375 899 1682 982 poculum
1728 920 1876 986 cum
1926 919 2054 983 quo
2099 901 2392 984 gentium
2439 901 2835 984 pervenisset
2881 919 2964 963 ex
3028 917 3250 963 museo
3300 897 3659 983 Campanae
3720 918 3849 964 non
3918 919 4066 966 con·

440 1028 659 1105 staret,
702 1025 869 1088 mira
914 1029 1127 1087 autem
1174 1016 1265 1088 de'
1301 1024 1669 1107 archetypo,
1716 1024 1891 1108 quod
1934 1022 2177 1087 Romae
2222 1030 2616 1108 usurpasset,
2663 1022 3050 1088 Garruccius
3099 1024 3459 1107 evulgasset
3489 1022 3783 1109 Sylloges
3827 1045 3888 1089 n.
3936 1027 4064 1089 477

443 1166 742 1232 quaeque
790 1165 939 1212 cum
984 1165 1059 1212 eo
1107 1148 1420 1232 exemp10,
1467 1148 1640 1232 quod
1686 1149 1840 1212 olim
1883 1148 2034 1213 inde
2080 1148 2160 1211 ab
2191 1147 2476 1213 Henrico
2507 1149 2737 1213 Brunn
2783 1154 3122 1232 exceptum
3168 1146 3557 1211 Ritschelius
3605 1147 3781 1212 PLM
3820 1154 3863 1213 t„
3896 1148 4068 1215 XIG

443 1271 687 1357 publici
732 1272 892 1335 iuris
938 1271 1106 1353 fecit,
1163 1271 1459 1337 dissensu
1520 1272 1790 1337 notabili
1845 1278 2221 1357 pugnarent,
2283 1293 2512 1358 operae
2576 1274 2854 1358 pretium
2918 1272 3202 1336 facturus
3265 1290 3405 1337 esse
3471 1272 3629 1335 mihi
3676 1272 3958 1356 videbar,
4013 1276 4068 1339 si

443 1396 771 1481 archetypi
827 1396 1040 1460 denuo
1089 1396 1502 1460 examinandi
1547 1397 1913 1462 facultatem
1968 1399 2386 1462 nanciscerer.
2480 1417 2517 1461 a
2565 1396 2857 1462 Brunnio
2916 1397 3116 1482 igitur
3176 1397 3458 1473 edoctuS,
3521 1417 3707 1481 posse
3763 1399 4069 1482 poculum

436 1519 764 1585 Lutetiam
810 1520 1203 1585 Parisiorum
1265 1520 1546 1586 delatum
1612 1541 1768 1603 esse,
1835 1520 2176 1586 Gastonem
2225 1521 2525 1603 Boissier,
2587 1524 2774 1586 cuius
2820 1523 3180 1586 comitatem
3229 1524 3374 1606 plus
3427 1523 3625 1586 semel
3669 1521 3913 1587 Romae
3959 1542 4071 1588 ex-

438 1650 668 1729 pertus
714 1628 909 1726 eram,
955 1644 1254 1729 precibus
1301 1646 1449 1728 adii,
1495 1652 1571 1711 ut
1614 1648 1783 1710 inter
1825 1648 2138 1730 parisinos
2183 1647 2516 1710 thesauros
2562 1648 2771 1710 musei
2821 1646 2930 1710 ‘du
2961 1644 3236 1711 Louvre’
3283 1648 3602 1731 perditum
3645 1666 3808 1730 opus
3838 1650 4064 1732 anqui-

436 1774 628 1833 reret.
720 1787 841 1833 nec
884 1788 1095 1833 mora:
1166 1776 1385 1836 extare
1446 1773 1615 1835 enim
1672 1769 1763 1835 ibi
1823 1772 2152 1836 celerrime
2200 1793 2301 1837 me
2348 1774 2600 1837 monuit
2644 1771 2943 1854 idemque
3003 1776 3066 1835 et
3110 1771 3230 1835 hoc
3278 1771 3448 1854 quod
3496 1792 3691 1855 supra
3735 1773 4071 1836 hominum

440 1894 776 1958 doctorum
842 1896 994 1958 usui
1056 1895 1301 1960 subieci
1371 1895 1742 1978 exemplum
1811 1898 2163 1960 transmisit
2225 1902 2289 1961 et
2348 1896 2822 1961 observationes
2886 1895 3193 1980 quasdam
3258 1916 3407 1960 suas
3462 1916 3674 1960 coram
3723 1898 4068 1982 archetypo

444 2018 646 2082 factas
713 2037 969 2083 mecum
1037 2020 1556 2084 communica-vit.
1673 2020 1800 2083 iam
1866 2021 2065 2104 igitur
2128 2021 2364 2086 clarius
2430 2026 2688 2106 apparet
2773 2058 2854 2068 —
2933 2040 3082 2083 nam
3145 2021 3211 2083 in
3275 2020 3672 2105 lithographo
3736 2019 4069 2086 Bitschelii

444 2143 747 2226 exemplo
794 2161 922 2206 non
972 2142 1154 2206 nulla
1199 2164 1428 2228 parum
1476 2142 1758 2208 dilucide
1806 2163 2220 2228 comparuere
2268 2146 2520 2229 antiqui
2564 2146 2825 2230 pictoris
2872 2144 3140 2208 artificia
3207 2182 3290 2191 —
3355 2147 3709 2209 rectissime
3753 2165 3873 2209 nos
3917 2146 4073 2209 huc·

450 2286 663 2350 usque
709 2265 1032 2332 iudicasse
1080 2274 1407 2352 serpentes
1453 2288 1594 2333 esse
1640 2269 1914 2332 insertos
1958 2269 2232 2334 feminae
2280 2270 2566 2334 crinibus
2629 2287 2840 2352 neque
2885 2288 3037 2333 vero
3087 2268 3388 2333 ‘floream'
3445 2290 3638 2352 quam
3688 2268 4072 2334 Garruccius

447 2391 531 2455 ad
578 2393 1070 2457 sustentandum
1118 2393 1343 2457 belolai
1384 2392 1683 2458 vocabuli
1729 2394 2314 2477 interpretationem
2358 2393 2584 2457 falsam
2630 2393 2830 2482 καλῆς
2872 2392 3065 2457 finxit
3113 2392 3472 2457 ‘coronam’.
3538 2394 3711 2476 quod
3754 2398 3827 2458 ut
3857 2395 4071 2477 quivis

450 2517 566 2599 qui
612 2522 907 2581 nostrum
957 2517 1329 2601 exemplum
1376 2518 1582 2583 oculis
1627 2519 2041 2601 usurpaverit
2085 2538 2203 2582 sua
2246 2522 2473 2601 sponte
2520 2516 2869 2599 agnoverit,
2913 2518 3004 2580 ita
3048 2519 3112 2580 in
3152 2518 3495 2601 archetypo
3537 2522 3788 2601 praeter
3818 2536 4073 2582 omnem

451 2639 919 2706 dubitationem
990 2660 1374 2724 comparere,
1444 2662 1590 2706 cum
1660 2644 2031 2727 praesertim
2100 2664 2139 2706 a
2205 2641 2511 2706 subfusco
2567 2642 2840 2704 crinium
2897 2641 3109 2705 colore
3167 2648 3491 2726 serpentes
3537 2642 3792 2705 candidi
3839 2644 4074 2726 optime

455 2765 951 2849 distinguantur,
980 2773 1220 2830 ¹auctor
1263 2768 1423 2830 mihi
1472 2773 1568 2832 est
1615 2788 1807 2852 quem
1856 2788 2050 2852 supra
2080 2766 2340 2831 laudavi
2370 2766 2755 2830 BoissieruS.
2833 2769 3041 2829 cetera
3087 2768 3302 2829 omnia
3348 2766 3649 2830 artificem
3700 2767 4073 2851 parisinum,

450 2888 821 2971 Housselin,
868 2896 997 2953 tam
1046 2896 1338 2956 accurate
1384 2894 1774 2976 expressisse
1820 2892 1991 2957 idem
2036 2896 2319 2971 testatur,
2366 2894 2441 2952 ut
2486 2897 2735 2975 praeter
2779 2891 3010 2953 rimam
3042 2891 3365 2975 exiguam,
3423 2911 3620 2974 quam
3664 2892 3834 2955 inter
3878 2898 4072 2976 caput

458 3018 519 3075 et
579 3014 756 3077 tituli
817 3014 1095 3077 litteram
1163 3014 1199 3078 b
1258 3016 1709 3082 indumentum
1775 3017 2010 3081 coloris
2047 3017 2265 3099 egerit
2334 3051 2417 3060 —
2490 3033 2758 3096 eamque
2825 3013 3161 3077 Brunnius
3206 3015 3273 3076 in
3323 3016 3728 3081 ritscheliano
3775 3017 4071 3100 exemplo

451 3138 768 3222 expressit
835 3174 916 3185 —-
986 3158 1251 3222 prorsus
1319 3141 1479 3203 nihil
1545 3140 1624 3204 ab
1694 3140 2038 3223 archetypo
2107 3138 2447 3222 discrepet:
2520 3138 2839 3221 expressis
2904 3142 3116 3201 autem
3182 3137 3396 3202 verbis
3455 3140 3610 3202 mihi
3668 3140 4070 3204 confirmavit

446 3261 621 3325 tituli
671 3262 983 3326 elementa
1029 3264 1243 3327 omnia
1292 3263 1641 3328 clarissime
1689 3282 2054 3347 comparere
2099 3282 2310 3346 neque
2357 3262 2557 3325 ullam
2604 3281 2790 3344 posse
2852 3261 2930 3326 de
2998 3264 3219 3344 quinto
3283 3263 3579 3345 nominis,
3650 3264 3820 3347 quod
3882 3283 4070 3347 posse

452 3406 501 3447 n
544 3385 744 3450 fuisse
793 3386 942 3450 olim
993 3387 1307 3452 creditum
1357 3396 1467 3470 est,
1513 3390 1758 3453 moveri
1806 3387 2289 3451 dubitationem.
2393 3386 2514 3449 hoc
2582 3385 2790 3449 solum
2855 3386 3026 3449 idem
3073 3387 3174 3450 vir
3234 3387 3462 3450 doctus
3507 3387 3791 3451 indicare
3839 3390 4069 3469 omisit,

451 3507 919 3573 Housselinum
966 3513 1277 3594 consulto,
1324 3518 1397 3575 ut
1442 3512 1716 3594 videtur,
1760 3511 2071 3594 marginis
2117 3516 2583 3586 ornamentum,
2638 3509 3048 3574 hederaceam
3086 3484 3408 3575 ’coronam
3455 3548 3541 3559 -—
3591 3532 3782 3594 quam
3831 3513 4067 3577 videris

448 3635 520 3697 in
566 3634 968 3699 ritscheliauo
1016 3637 1310 3719 exemplo
1345 3674 1425 3682 —
1462 3637 1765 3700 omisisse.
1868 3641 1963 3699 est
2009 3638 2221 3698 autem
2265 3635 2524 3718 gemina
2569 3634 2646 3715 ei,
2694 3655 2821 3718 qua
2866 3635 3080 3718 poculi
3129 3655 3352 3700 recens
3416 3637 3664 3699 inventi
3727 3644 3788 3699 et
3855 3635 4069 3700 verbis

441 3760 802 3823 iunonem-3
848 3756 1001 3846 (sic)
1042 3760 1328 3844 pocolom
1375 3760 1666 3844 inscripti
1712 3779 1931 3843 margo
1980 3760 2365 3842 contegitur:
2416 3759 2587 3842 quod
2635 3760 2968 3824 vasculum
3017 3760 3059 3822 l.
3109 3780 3156 3822 S.
3208 3781 3254 3823 s.
3302 3760 3658 3824 inlustravi.

764 3884 1117 3968 principem
1153 3884 1274 3948 hoc
1304 3886 1609 3969 poculum
1646 3885 1859 3949 locum
1894 3885 2064 3947 inter
2095 3882 2633 3968 quattuordecim,
2665 3902 2828 3966 quae
2864 3884 3071 3948 adhuc
3104 3886 3460 3963 innotuere,
3493 3884 3780 3947 eiusdem
3815 3887 4069 3967 generis

448 4014 866 4073 monumenta
893 4008 1081 4072 facile
1115 4010 1541 4093 occupaverit.
1614 4029 1761 4071 nam
1798 4014 2007 4071 cetera
2043 4008 2257 4071 omnia
2290 4012 2403 4070 aut
2431 4013 2646 4071 carent
2692 4006 2917 4091 figuris
2965 4013 3076 4071 aut
3120 4010 3434 4072 alatorum
3479 4009 3814 4098 geniorum
3873 4011 4069 4072 variis

443 4132 699 4197 lusibus
744 4134 1157 4213 intentorum,
1205 4150 1370 4216 quos
1416 4139 1622 4196 erotes
1670 4132 1882 4196 dicere
1927 4152 2041 4216 par
2087 4137 2200 4213 est,
2246 4137 2468 4194 orna-ta
2514 4136 2680 4196 sunt.
2733 4152 2861 4215 qua
2906 4132 2984 4196 de
3032 4152 3101 4196 re
3147 4132 3401 4197 abunde
3449 4132 3687 4195 dictum
3738 4139 3834 4195 est
3866 4134 3905 4195 l.
3937 4153 3984 4196 S.
4018 4154 4070 4196 s,

445 4258 514 4318 in
556 4257 690 4319 solo
752 4258 954 4342 igitur
997 4256 1306 4321 Bellonae
1372 4232 1606 4340 poculo
1652 4255 1943 4319 numinis
1999 4256 2138 4318 eius
2203 4256 2392 4319 cuius
2456 4255 2520 4318 id
2569 4254 2768 4318 fuisse
2814 4261 3074 4339 apparet
3126 4259 3340 4341 imago
3388 4256 3595 4320 efficta
3650 4263 3762 4320 est.
3856 4276 4067 4341 neque

444 4382 614 4444 enim
665 4381 941 4446 dubitari
989 4386 1212 4467 potest,
1260 4381 1432 4466 quod
1481 4380 1633 4444 olim
1682 4398 2075 4461 monueram,
2122 4380 2465 4462 imaginem
2502 4398 2639 4443 esse
2672 4378 2826 4442 deae
2858 4377 3105 4461 Enyus,
3153 4382 3341 4445 cuius
3387 4401 3619 4446 nomen
3671 4383 4069 4464 quicumque

444 4502 754 4569 Bellonae
813 4525 1041 4590 graeco
1097 4524 1390 4571 sermone
1451 4506 1803 4568 meminere
1864 4504 2058 4567 latino
2125 4502 2540 4567 substituunt.
2649 4503 2760 4567 sed
2808 4508 2945 4567 tum
3010 4521 3159 4566 cum
3223 4506 3505 4586 primum
3571 4506 3690 4568 hoe
3755 4506 3922 4569 haud
3981 4508 4070 4570 ita

444 4627 839 4694 confidenter
899 4631 1394 4715 pronuntiabam
1462 4629 1842 4707 (Annalium
1907 4650 1961 4692 a.
2019 4628 2189 4691 1872
2236 4649 2296 4713 p.
2348 4629 2489 4711 54),
2552 4628 2763 4709 graeci
2830 4628 3117 4691 numinis
3181 4629 3494 4711 imagines
3557 4636 3775 4692 nostro
3824 4631 4068 4694 similes

443 4752 828 4818 videbantur
873 4755 1239 4819 desiderari.
1322 4761 1385 4818 at
1428 4753 1622 4837 paulo
1670 4758 1814 4837 post
1856 4754 1923 4815 in
1971 4751 2230 4835 speculo
2278 4752 2682 4835 praenestino
2729 4751 2898 4815 edito
2945 4750 3514 4816 Monumentorum
3564 4755 3838 4817 instituti
3887 4756 4068 4818 volu-

444 4879 618 4942 mine
666 4885 887 4944 octavo
935 4887 978 4943 t.
1024 4877 1193 4961 LVI,
1241 4881 1279 4943 2
1328 4879 1688 4963 comparuit
1734 4876 1923 4953 Enie,
1989 4877 2159 4940 tusci
2225 4874 2484 4939 artificis
2528 4874 2751 4959 figura,
2806 4876 2985 4959 rugis
3044 4876 3156 4938 illa
3221 4877 3482 4959 quidem
3531 4878 3804 4960 aliisque
3867 4880 4065 4943 vetuli

444 5002 703 5067 habitus
746 5004 1111 5089 insignibus
1157 5002 1236 5067 ab
1267 5003 1387 5067 hac
1431 5008 1668 5085 nostra,
1715 5021 1879 5085 quae
1922 5002 2191 5084 virginis
2226 5000 2562 5064 iuvenisve
2601 4999 3020 5063 mulierculae
3066 4999 3261 5064 vitam
3312 5003 3553 5084 spirare
3600 5002 3871 5084 videtur,
3912 5006 4066 5066 satis

448 5126 719 5208 diversa,
767 5127 878 5191 sed
925 5128 1147 5192 eadem
1195 5130 1253 5192 ei
1302 5129 1630 5192 simillima
1674 5126 2068 5209 serpentium
2115 5123 2402 5188 crinibus
2448 5126 2838 5189 insertorum
2896 5130 3140 5188 ornatu.
3246 5132 3414 5189 recte
3472 5127 3643 5189 enim
3691 5124 4067 5207 KekuleiuS,

449 5251 556 5334 qui
630 5251 876 5334 speculi
933 5252 1131 5317 huius
1194 5253 1508 5336 interpres
1568 5251 1710 5334 fuit,
1769 5250 1923 5314 deae
1988 5247 2212 5312 tribuit
2278 5247 2529 5331 ‘capelli
2593 5248 2788 5310 simili
2853 5247 3159 5330 alquanto
3230 5269 3267 5311 a
3326 5249 3472 5331 quei
3535 5248 3732 5313 d'una
3779 5248 4065 5313 Medusa'

448 5373 829 5460 (Annalium
894 5396 946 5440 a.
1016 5377 1185 5441 1873
1232 5397 1290 5460 p.
1343 5374 1513 5456 127),
1577 5375 1689 5439 sed
1734 5373 1905 5437 idem
1954 5373 2291 5436 immemor
2334 5372 2463 5437 fuit
2507 5378 2758 5435 nostrae
2804 5372 3119 5457 imaginis,
3228 5380 3476 5436 certum
3527 5375 3724 5456 igitur
3770 5394 3907 5436 esse
3958 5375 4060 5437 aio
