4859 6392
2344 639 2425 703 13

574 851 768 915 etiam
811 852 881 914 in
930 850 1087 915 aede
1117 850 1442 917 Fortunae
1470 852 1788 937 primaria.
1819 889 1906 900 —
1939 872 2146 918 unum
2191 857 2483 937 superest
2527 853 2606 918 de
2649 872 2775 936 quo
2821 871 2925 916 me
2970 851 3160 936 plane
3205 853 3548 916 caecuttire
3591 852 3908 937 profiteor.
3974 863 4202 921 notum

575 980 671 1038 est
730 974 801 1038 in
844 994 1113 1040 nummo
1158 973 1245 1040 M.
1295 974 1601 1039 Plaetorii
1649 974 1932 1042 Cestiani
2003 974 2112 1065 (de
2182 996 2308 1062 quo
2378 997 2440 1041 v,
2485 976 2929 1042 Mommsenus
2997 976 3092 1040 rei
3160 996 3342 1043 num.
3412 997 3470 1060 p.
3520 977 3648 1040 622
3713 999 3775 1042 n.
3828 979 3953 1044 261
3998 981 4071 1065 9)
4117 981 4196 1046 ab

575 1098 777 1163 altera
818 1104 999 1184 parte
1045 1100 1222 1163 cerni
1267 1105 1458 1184 caput
1486 1100 1771 1165 iuvenile
1801 1101 2107 1184 imberbe,
2154 1100 2233 1165 ab
2278 1101 2481 1165 altera
2511 1106 2703 1186 caput
2731 1100 3022 1165 imberbe
3068 1119 3264 1184 super
3306 1102 3496 1165 sortis
3542 1100 3862 1186 tabellam,
3907 1106 4014 1168 cui
4058 1125 4201 1170 sors

572 1221 959 1287 vocabulum
1008 1223 1390 1307 inscriptum
1437 1230 1550 1290 est.
1644 1226 1809 1290 solet
1849 1225 2008 1289 haec
2052 1227 2261 1310 imago
2309 1245 2427 1310 ope
2474 1225 2730 1290 tulliani
2776 1225 3146 1304 testimonii,
3213 1224 3386 1307 quod
3455 1245 3651 1310 supra
3705 1228 4020 1309 enarravi,
4084 1249 4197 1293 ex-

572 1347 823 1431 plicari:
892 1347 1203 1414 nimirum
1264 1347 1440 1412 hunc
1503 1368 1641 1414 esse
1693 1369 1971 1433 puerum
2028 1369 2198 1432 eum,
2266 1351 2453 1413 cuius
2499 1369 2698 1413 manu
2743 1348 2962 1413 Cicero
3009 1349 3081 1411 in
3124 1348 3365 1432 templo
3410 1347 3733 1415 Fortunae
3777 1352 4198 1437 primigeniae

576 1476 776 1535 sortes
843 1472 1100 1535 misceri
1168 1477 1232 1535 et
1292 1472 1441 1537 duci
1496 1474 1754 1539 dixerit.
1845 1473 1957 1538 sed
2009 1475 2171 1537 mihi
2217 1491 2470 1557 semper
2514 1475 2793 1557 suspicio
2841 1473 3118 1537 subnata
3162 1478 3278 1554 est,
3341 1474 3579 1538 camilli
3626 1475 3730 1538 vel
3775 1476 4054 1540 ministri
4101 1496 4200 1540 sa-

575 1614 829 1659 crorum
896 1598 1012 1660 vix
1076 1614 1264 1680 posse
1330 1598 1675 1681 imaginem
1719 1618 1920 1664 numo
1964 1600 2256 1663 incusam
2303 1618 2459 1664 esse.
2550 1604 2613 1662 et
2659 1598 2965 1682 quoniam
3011 1596 3208 1661 Pueri
3255 1597 3427 1662 Iovis
3473 1598 3542 1661 in
3585 1600 3830 1682 gremio
3876 1598 4199 1665 Fortunae

573 1718 991 1785 simulacrum
1036 1721 1106 1783 in
1151 1720 1383 1785 sacello
1431 1721 1681 1786 cultum
1726 1727 1823 1787 est
1866 1741 1940 1786 eo
1992 1722 2132 1787 loco
2188 1722 2537 1806 aedificato,
2607 1722 2718 1786 ubi
2786 1727 2989 1786 sortes
3044 1723 3378 1785 invenerat
3422 1721 3776 1788 Numerius
3822 1723 4193 1807 Suffustius,

572 1846 788 1910 nescio
834 1864 918 1908 an
964 1843 1251 1909 eiusdem
1298 1844 1496 1909 Pueri
1540 1850 1751 1930 partes
1818 1846 2059 1911 fuerint
2103 1848 2358 1930 aliquae
2406 1850 2475 1911 in
2521 1868 2754 1932 magna
2808 1846 2963 1911 aede
3010 1845 3459 1929 Primigeniae,
3521 1853 3594 1910 ut
3659 1866 3822 1930 puer
3865 1849 3932 1912 in
3993 1868 4198 1912 numo

575 1989 856 2034 excusus
918 1988 1032 2053 pro
1097 1970 1367 2034 numine
1434 1966 1778 2035 habendus
1841 1972 1937 2036 sit.
2028 1971 2140 2035 sed
2200 1972 2356 2036 talia
2417 1973 2732 2056 suspicor:
2803 1970 3200 2055 argumentis
3255 1970 3562 2052 quoniam
3627 1971 4019 2055 conprobare
4063 1992 4198 2037 non

575 2113 852 2178 possum,
896 2112 1028 2158 non
1075 2091 1388 2177 obloquar
1431 2095 1635 2177 siquis
1680 2096 1929 2159 somnia
1972 2115 2258 2179 nugasve
2317 2099 2661 2161 vocaverit.
2753 2096 2864 2160 sed
2912 2094 2990 2159 de
3038 2094 3437 2176 Primigenia
3477 2093 3613 2157 filia
3657 2094 3832 2160 Iovis
3875 2098 3966 2159 ita
4010 2115 4200 2180 posse

572 2219 862 2303 iudicari,
906 2219 1002 2283 uti
1048 2237 1244 2301 supra
1287 2216 1445 2297 dixi,
1493 2223 1676 2282 teneo
1725 2237 1934 2303 neque
1981 2219 2170 2283 aliam
2217 2220 2583 2304 explicandi
2627 2222 2942 2285 rationem
2995 2219 3185 2283 facile
3231 2220 3516 2282 inveniri
3563 2240 3749 2304 posse
3796 2220 4198 2287 crediderim.

572 2364 723 2408 nam
772 2342 944 2427 quod
990 2342 1201 2406 solum
1243 2341 1531 2426 relinqui
1574 2343 1845 2426 videtur,
1913 2349 1987 2407 ut
2032 2343 2110 2407 ad
2159 2342 2552 2408 Graecorum
2594 2343 2845 2409 fabulas
2900 2344 3366 2428 confugiamus,
3429 2343 3496 2406 id
3559 2345 3786 2427 procul
3846 2345 4196 2409 arcendum

573 2487 713 2534 esse
756 2466 918 2531 mihi
962 2466 1271 2550 persuasi.
1338 2467 1468 2530 scio
1516 2466 1752 2531 similia
1794 2467 2115 2551 placuisse
2159 2469 2404 2551 graecis
2449 2468 2673 2551 poetiS,
2717 2468 2983 2533 fortasse
3029 2468 3222 2531 etiam
3271 2468 3339 2530 in
3382 2467 3772 2551 populorum
3815 2487 4196 2553 graecorum

574 2591 995 2676 religionibus
1041 2595 1180 2655 orta
1223 2609 1393 2654 esse:
1444 2592 1644 2655 veluti
1690 2590 2049 2656 liberatoris
2095 2590 2271 2656 Iovis
2332 2590 2467 2654 filia
2511 2590 2800 2655 Fortuna
2844 2611 3063 2676 sospes
3111 2596 3379 2655 vocatur
3447 2612 3485 2655 a
3529 2591 3809 2656 Pindaro
3879 2592 3948 2654 in
4016 2612 4200 2676 prae-

576 2717 759 2781 conio
815 2713 1283 2800 olympionicae
1344 2715 1738 2797 himerensiS,
1794 2736 1832 2779 a
1888 2734 2016 2799 quo
2071 2715 2309 2799 pendet
2362 2713 2674 2779 Horatius
2721 2716 2999 2779 carmine
3055 2714 3204 2778 libri
3249 2717 3440 2799 primi
3490 2718 3593 2780 34.
3693 2735 3815 2779 nec
3860 2716 4194 2781 defuturos

578 2860 710 2905 esse
758 2841 893 2906 scio
940 2841 1071 2923 qui,
1117 2858 1267 2903 cum
1312 2840 1720 2904 meminerint
1763 2840 1834 2903 in
1880 2839 2207 2904 tiburtinis
2252 2839 2523 2903 Iunonis
2570 2837 2842 2902 Cur-ritis
2890 2839 3087 2901 sacris
3135 2839 3306 2904 haud
3351 2841 3728 2926 ambiguum
3772 2841 3984 2925 graeci
4031 2842 4197 2904 ritus

576 2966 917 3049 vestigium
976 2963 1382 3048 deprehendi,
1447 2983 1708 3028 currum
1772 2965 2202 3048 clupeumque
2265 2983 2350 3027 ex
2417 2963 2690 3028 Heraeis
2756 2961 3120 3046 Argeorum
3187 2964 3452 3047 petitum
3525 2964 3614 3046 (V.
3686 2984 3852 3046 quae
3921 2963 4058 3027 dixi
4128 2966 4198 3027 in

574 3088 860 3152 Prellero
924 3089 979 3170 1,
1026 3089 1156 3152 279
1204 3089 1350 3152 adn.
1404 3090 1484 3169 3),
1539 3089 1963 3173 praenestinis
2019 3106 2277 3171 quoque
2340 3089 2539 3151 sacris
2605 3086 2994 3150 Graecorum
3057 3087 3431 3171 sapientiam
3479 3090 3841 3153 insinuasse
3899 3087 4196 3171 cupidius

574 3213 989 3296 sumpserint3
1060 3212 1454 3276 intenderint
1521 3213 1713 3276 etiam
1782 3212 2055 3296 digitum
2122 3211 2203 3274 ad
2281 3212 2804 3295 antiquissimum
2892 3211 3162 3274 sortium
3247 3210 3646 3294 quibusdum
3734 3213 3803 3274 in
3888 3209 4194 3274 Graeciae

574 3336 944 3420 regionibus
1004 3356 1200 3400 usum
1263 3336 1685 3420 versibusque
1746 3335 1826 3399 ad
1891 3336 2220 3421 exemplar
2279 3335 2669 3400 Graecorum
2725 3335 3119 3399 vaticinandi
3166 3335 3506 3399 artificium
3568 3354 3696 3397 non
3766 3335 3961 3398 nimis
4030 3334 4193 3397 illud

572 3463 813 3525 recenti
866 3467 1150 3545 tempore
1217 3460 1299 3525 ad
1354 3460 1599 3524 italicas
1652 3464 1875 3543 gentes
1930 3459 2230 3525 delatum.
2351 3459 2588 3544 quibus
2652 3458 2732 3521 de
2789 3457 2984 3522 rebus
3062 3458 3361 3522 omnibus
3449 3477 3577 3521 non
3648 3459 3854 3522 solum
3927 3458 4192 3521 minime

572 3585 795 3669 ignoro
837 3586 1060 3669 paucis
1102 3585 1348 3650 absolvi
1392 3603 1525 3649 non
1567 3603 1755 3668 posse
1796 3603 2025 3647 verum
2070 3584 2264 3647 etiam
2311 3603 2385 3647 eo
2432 3583 2593 3664 loce,
2639 3582 2718 3646 de
2765 3602 2891 3665 quo
2940 3582 3053 3646 diu
3101 3584 3170 3645 in
3209 3581 3376 3644 votis
3422 3588 3517 3645 est
3557 3588 3628 3645 ut
3665 3600 3874 3645 meam
3911 3583 4192 3665 aperiam

574 3711 973 3791 sententiam,
1027 3729 1221 3794 quam
1274 3715 1494 3794 potero
1551 3708 2025 3774 accuratissime
2082 3707 2439 3791 disputabo.
2547 3725 2723 3770 nunc
2776 3708 2930 3770 satis
2993 3704 3197 3770 habeo
3278 3724 3384 3769 eas
3447 3708 3726 3770 rationes
3795 3706 4190 3790 capitulatim

570 3833 905 3915 indicasse,
953 3833 1192 3916 quibus
1236 3832 1410 3898 Iovis
1453 3833 1653 3896 filiam
1697 3833 2145 3917 primigeniam
2190 3831 2656 3915 antiquissimis
2702 3830 3011 3896 Italorum
3057 3829 3481 3915 religionibus
3526 3832 3823 3894 inseram.
