4859 6392
2441 623 2522 684 12

672 840 919 904 mulem
968 838 1143 922 quod
1189 840 1415 919 senti0,
1460 839 1773 921 suspicari
1817 856 1920 901 me
1967 836 2274 902 confiteor
2317 871 2401 883 —-
2452 842 2516 901 et
2560 836 2890 901 confessus
2935 854 3080 900 sum
3125 836 3309 899 initio
3356 835 3554 899 huius
3600 838 3943 900 commenti
3983 872 4059 883 -
4106 855 4293 921 posse

670 963 937 1028 ultimos
1005 981 1234 1026 versus
1304 963 1475 1027 tertii
1545 961 1780 1025 ductus
1861 980 1999 1025 esse
2064 962 2252 1025 binas
2329 960 2397 1029 A
2484 963 2717 1025 veteris
2790 960 3003 1024 hastas
3066 960 3505 1023 sinistrorsum
3564 978 3809 1042 versas,
3885 964 3961 1024 ut
4022 960 4290 1025 forsitan

668 1086 939 1172 fileafi),
1005 1106 1138 1150 non
1202 1084 1474 1171 fileifizi]
1542 1084 1888 1169 legendum
1959 1087 2061 1149 sit.
2152 1086 2232 1150 de
2300 1106 2375 1149 ea
2443 1086 2805 1168 suspicione
2863 1084 2973 1167 qui
3028 1102 3136 1148 aes
3189 1084 3599 1169 usurpaverit
3651 1084 3824 1147 facili
3879 1102 4073 1168 opera
4126 1084 4292 1148 diiu-

672 1211 1000 1275 dicaverit.

992 1334 1183 1398 redeo
1228 1335 1294 1396 in
1341 1334 1532 1396 viam.
1624 1354 1818 1418 supra
1888 1334 2243 1418 significavi
2311 1340 2597 1398 extremo
2654 1352 2755 1397 me
2812 1332 3288 1411 commentariO,
3360 1332 3516 1416 quid
3557 1332 3742 1395 -mihi
3790 1331 3868 1396 de
3914 1333 4292 1416 aenigmatis

672 1458 765 1522 ibi
828 1460 1108 1523 enarrati
1169 1458 1487 1522 solutione
1552 1464 1815 1537 constet,
1881 1458 2104 1541 primis
2168 1458 2354 1522 lineis
2422 1477 2564 1522 esse
2633 1456 3164 1521 adumbratumm
3221 1456 3467 1520 scilicet
3532 1455 3705 1520 haud
3768 1458 4067 1541 ignarum
4133 1456 4290 1540 quid

674 1583 896 1647 deceat
941 1601 1107 1664 eum,
1153 1583 1268 1665 qui
1306 1581 1737 1665 Aboriginum
1781 1583 2075 1666 regiones
2130 1582 2413 1666 attingat.
2498 1582 2785 1671 Fortuna
2836 1581 3038 1663 igitur
3074 1581 3482 1663 praenestina
3517 1579 3691 1644 Iovis
3735 1579 3869 1643 filia
3913 1581 4293 1665 primigenia

675 1708 1033 1790 antiquitus
1078 1706 1380 1769 vaticinio
1429 1706 1697 1769 sortium
1759 1705 2078 1789 inclaruit,
2144 1707 2331 1770 cuius
2390 1707 2682 1771 oraclum
2718 1702 2976 1790 patebat
3029 1702 3132 1768 die
3183 1703 3263 1767 ll
3314 1704 3576 1788 Aprilis
3666 1704 3794 1768 late
3839 1724 4135 1788 sparsum
4180 1723 4294 1788 per

672 1837 896 1915 gentes
940 1830 1251 1894 Italorum
1295 1829 1416 1892 hoc
1462 1830 1747 1892 vaticinii
1792 1847 1997 1912 genus
2042 1828 2384 1914 solumque
2428 1830 2656 1911 fuisse,
2726 1829 2899 1914 quod
2966 1830 3036 1892 in
3095 1834 3266 1893 terra
3309 1828 3498 1892 Italia
3538 1827 3691 1893 inde
3736 1848 3774 1891 a
3818 1829 4132 1912 principio
4179 1847 4292 1892 ex-

677 1955 927 2018 cultum
972 1957 1072 2036 sit,
1118 1955 1273 2018 satis
1319 1959 1488 2017 certo
1524 1958 1781 2016 constat
1823 1954 2107 2037 itemque
2149 1960 2394 2018 constat
2428 1955 2508 2019 ab
2540 1955 2660 2019 hoc
2694 1954 3076 2039 primigenio
3110 1953 3500 2017 vaticinandi
3538 1972 3667 2016 usu
3697 1951 3974 2035 pendere
4020 1954 4292 2016 sortium

675 2080 912 2163 posteri
960 2079 1264 2161 temporis
1309 2076 1606 2141 versibus
1652 2077 1866 2140 latinis
1911 2078 2383 2163 inscriptorum,
2453 2099 2729 2162 quarum
2785 2098 2952 2142 nova
2997 2078 3294 2162 exempla
3338 2096 3673 2161 parmense
3717 2096 4015 2141 museum
4063 2095 4294 2160 suppe-

676 2203 906 2266 ditavit
950 2203 1043 2285 (v.
1096 2201 1383 2266 Instituti
1428 2201 1678 2265 romani
1724 2206 2010 2264 actorum
2055 2223 2112 2266 a.
2165 2203 2334 2267 1883
2380 2225 2440 2287 p.
2493 2203 2619 2266 100
2663 2200 2789 2288 ss),
2834 2202 3176 2267 artificium
3223 2202 3625 2284 formamque
3674 2199 3761 2285 (v,
3809 2220 3978 2284 quae
4025 2200 4175 2264 dixi·
4212 2200 4292 2265 de

672 2327 775 2391 his
819 2325 1014 2391 rebus
1059 2328 1126 2389 in
1160 2325 1444 2390 Prellero
1495 2326 1551 2407 1,
1588 2324 1737 2391 382.
1786 2325 2052 2410 2‚190).
2127 2328 2427 2409 migravit
2474 2327 2704 2392 deindo
2745 2326 3018 2391 Romam
3063 2327 3183 2391 dea
3227 2327 3447 2409 punici
3495 2324 3650 2388 belli
3696 2325 3963 2388 secundi
4009 2330 4292 2408 tempore

674 2450 897 2534 ibique
944 2450 1329 2515 modestiore
1375 2450 1573 2531 cultu,
1642 2450 1896 2533 dempto
1954 2451 2098 2514 iure
2152 2451 2458 2533 vaticinii,
2525 2453 2692 2515 inter
2757 2451 3026 2515 numina
3077 2450 3340 2535 publiea
3380 2449 3601 2534 populi
3648 2450 3899 2514 romani
3946 2445 4292 2524 Quiritium

675 2579 935 2659 recepta
979 2580 1091 2637 est.
1183 2574 1301 2638 sed
1344 2575 1412 2636 in
1457 2575 1682 2657 patria,
1750 2573 1864 2636 ubi
1934 2575 2003 2636 in
2070 2577 2401 2639 cacumine
2471 2577 2707 2639 montis
2754 2576 2984 2660 oppido
3029 2576 3098 2638 in
3146 2574 3424 2658 rupibus
3467 2572 3942 2657 praestantibus
3989 2610 4075 2620 -
4123 2573 4292 2637 unde

677 2698 1057 2763 credebatur
1100 2717 1334 2762 nomen
1379 2696 1680 2761 habuisse
1726 2734 1814 2744 —-
1847 2698 2100 2761 condito
2136 2700 2529 2779 imminebat,
2578 2718 2655 2764 ea
2683 2718 2822 2764 esse
2864 2700 3116 2764 civibus
3148 2699 3473 2783 dignitate,
3520 2716 3594 2761 ea
3640 2697 3717 2760 ad
3762 2698 4075 2781 regendas
4121 2698 4293 2761 vices

676 2823 991 2887 humanas
1038 2824 1321 2905 potentia
1364 2823 1505 2885 visa
1549 2827 1662 2904 est,
1730 2827 1821 2903 ut,
1877 2822 2049 2885 haud
2107 2842 2293 2887 secus
2347 2830 2540 2907 atque
2585 2823 2826 2888 Romae
2871 2825 2940 2888 in
2987 2822 3294 2907 Capitolio
3342 2821 3534 2885 Fides
3577 2820 3836 2905 publica
3903 2821 4126 2906 populi
4193 2840 4294 2884 ro-

676 2947 871 3025 mani,
918 2947 1137 3043 magni
1182 2945 1373 3027 IoviS,
1422 2964 1550 3028 quo
1585 2947 1752 3008 inter
1796 2952 1950 3011 deos
1996 2946 2228 3011 deasve
2274 2948 2520 3012 italicos
2565 2950 2769 3011 maior
2813 2947 3050 3031 nullus,
3095 2949 3308 3011 vicina
3352 2949 3621 3030 eiusque
3667 2945 3954 3010 consiliis
4000 2946 4296 3028 proxima

681 3089 821 3135 esse
869 3071 1362 3134 existimaretur.
1457 3070 1630 3153 quod
1695 3070 2013 3135 societatis
2076 3090 2283 3154 genus
2328 3072 2621 3136 homines
2667 3073 2838 3136 casci
2885 3073 3156 3157 eiusque
3202 3073 3442 3154 aetatiS,
3510 3073 3697 3134 cuius
3741 3088 3943 3154 paene
3989 3069 4170 3132 nulla
4214 3068 4294 3132 ad

681 3194 926 3258 litteras
970 3213 1267 3257 romanas
1310 3200 1657 3277 propagata
1701 3200 1853 3257 sunt
1897 3197 2182 3279 vestigia,
2238 3198 2676 3261 monumentis
2744 3198 3053 3260 sermonis
3118 3197 3439 3279 ceterique
3486 3195 3700 3258 cultus
3744 3212 4081 3278 perpauca,
4149 3212 4295 3256 cum

678 3337 811 3382 non
842 3323 1101 3401 possent
1131 3336 1261 3381 non
1296 3339 1334 3382 a
1367 3318 1825 3402 procreationis
1859 3318 2277 3383 similitudine
2323 3339 2720 3403 nuncupare,
2767 3327 3010 3384 vatem
3057 3320 3275 3384 deam
3320 3324 3781 3403 nuncuparunt
3825 3314 4053 3380 Diovis
4097 3315 4294 3381 filiam

686 3443 1169 3527 primogeniam.
1264 3442 1628 3506 inauditum
1676 3441 1957 3506 vidimus
2000 3443 2119 3506 hoc
2165 3463 2304 3508 esse
2360 3444 2739 3508 numinibus
2784 3445 3130 3508 humanam
3175 3449 3410 3508 sortem
3457 3442 3782 3508 tribuendi
3824 3442 3995 3504 inter
4036 3458 4302 3505 romana

681 3570 850 3630 certe
896 3586 1076 3630 sacra
1119 3566 1479 3629 consilium.
1570 3585 1794 3630 verum
1844 3573 2131 3650 superest
2176 3567 2547 3651 exemplum
2594 3568 2766 3632 haud
2813 3568 3101 3633 absimile
3146 3568 3438 3647 alterum,
3484 3566 3673 3651 quod,-
3719 3566 3775 3628 si
3820 3583 3949 3627 non
3997 3563 4079 3627 ad
4123 3565 4297 3648 ipsos

684 3692 842 3754 deos
890 3689 1139 3769 deasve,
1185 3689 1267 3752 ad
1313 3709 1643 3753 sacrorum
1690 3696 1858 3753 certe
1905 3691 2102 3755 ritum
2148 3693 2440 3775 pertinet.
2530 3712 2683 3755 nam
2730 3694 3168 3776 conlegiorum
3199 3712 3526 3756 sacrorum
3574 3709 3740 3775 quae
3769 3689 4013 3753 Romae
4057 3687 4298 3752 fuerint

681 3832 888 3879 unum
957 3814 1258 3877 novimus
1324 3815 1523 3897 idque
1588 3815 2129 3897 antiquissimum,
2199 3815 2399 3899 quod·
2440 3816 2792 3901 conlegiale
2839 3816 3122 3880 officium
3168 3817 3563 3900 cognationis
3607 3814 3868 3877 nomine
3910 3812 4294 3877 honorabat:

682 3939 930 4002 arvales
979 3938 1226 4003 fratres,
1319 3937 1492 4021 quod
1536 3938 1946 4003 fraternitatis
1990 3958 2228 4003 nomen
2273 3941 2442 4004 inter
2486 3941 2808 4021 saliorum,
2875 3941 3282 4024 lupercorum
3327 3946 3814 4021 ceterorumque
3861 3936 4300 4020 conlegiorum

681 4063 1284 4146 antiquissimorum
1350 4064 1616 4126 nomina
1685 4064 1787 4126 sui
1857 4064 2068 4128 simile
2136 4063 2327 4127 habet
2392 4065 2668 4129 nullum.
2760 4071 2825 4129 at
2867 4066 3062 4130 latius
3107 4066 3261 4128 olim
3308 4066 3477 4127 inter
3519 4062 3717 4127 Italos
3762 4062 3934 4125 hanc
3979 4059 4301 4143 cogitandi

680 4187 995 4249 rationem
1064 4187 1346 4269 patuisse
1392 4189 1509 4249 uni
1555 4188 1791 4271 cuique
1837 4187 2021 4251 facile
2069 4190 2455 4272 persuaserit
2500 4190 2773 4274 conlegii
2819 4190 3072 4273 iguvini
3113 4188 3381 4251 fratrum
3427 4189 3860 4253 Attiediorum
3904 4209 4162 4257 nomen.
4212 4227 4294 4237 —-

684 4310 798 4374 sed
842 4310 1263 4394 primigeniae
1308 4309 1488 4373 illius
1537 4291 1699 4374 vatis
1745 4311 1888 4375 aedi
1956 4310 2239 4376 vidimus
2292 4314 2583 4378 vicinum
2627 4314 2826 4378 fuisse
2871 4313 3191 4378 Fortunae
3240 4314 3461 4376 matn‘s
3507 4312 3815 4378 sacellum
3861 4315 4212 4379 castissime
4255 4333 4292 4376 a

682 4435 992 4498 matronis
1040 4434 1268 4498 cultae.
1359 4435 1511 4498 huic
1580 4455 1729 4499 cum
1776 4435 2326 4517 Puerumjovem
2372 4437 2820 4523 Iunonemque
2888 4441 2957 4501 in
3023 4439 3264 4522 gremio
3310 4438 3509 4501 tuisse
3556 4437 3873 4520 audimus,
3934 4440 4130 4502 satius
4173 4437 4293 4500 erit

682 4576 813 4620 non
882 4558 1185 4622 hariolari
1254 4557 1332 4621 de
1402 4579 1597 4624 causa
1663 4559 2008 4643 singularis
2070 4561 2267 4626 huius
2312 4562 2674 4646 religionis:
2746 4562 2859 4627 sed
2927 4570 3139 4626 tamen
3187 4563 3334 4646 quis
3379 4563 3667 4643 miretur,
3737 4563 3909 4646 quod
3955 4581 4030 4625 ea
4073 4564 4294 4639 aetate,

685 4700 878 4763 quam
925 4681 1259 4745 hominum
1329 4701 1659 4748 caseorum
1706 4684 2221 4770 Aboriginumve
2279 4705 2417 4750 esse
2487 4687 2642 4769 dixi,
2712 4686 3029 4751 Fortunae
3096 4686 3429 4751 muliebris
3491 4706 3751 4768 numen,
3829 4685 4001 4771 quod
4052 4682 4294 4748 Romae

686 4823 944 4887 quoque
990 4805 1237 4869 cultum
1283 4812 1397 4888 est,
1440 4809 1658 4872 visum
1703 4812 1786 4874 sit
1828 4829 1958 4874 non
2005 4809 2341 4874 hominum
2386 4811 2597 4874 solum
2641 4812 2877 4876 liberos
2924 4817 3210 4875 materno
3259 4829 3474 4875 amore
3520 4810 3774 4885 fovisse,
3827 4830 4059 4875 verum
4103 4810 4297 4873 etiam

685 4948 989 4993 summos·
1021 4929 1192 5009 deos,
1266 4950 1428 5014 quos
1474 4938 1657 4997 natos
1703 4952 1841 4997 esse
1886 4952 2155 4997 romana
2198 4942 2367 4999 certe
2410 4936 2638 5019 religio
2686 4936 2958 5017 admisit,
3022 4936 3206 5019 quasi
3250 4934 3555 5019 parvulos
3599 4935 3950 4999 lactentes?
4028 4953 4150 4999 nec
4193 4934 4303 4998 de-

686 5058 837 5116 sunt
882 5053 1169 5137 vestigia,
1236 5055 1530 5120 divinum
1596 5076 1840 5121 numen
1886 5056 2064 5121 Italis
2126 5064 2351 5124 notum
2418 5060 2617 5124 fuisse
2685 5059 2822 5123 deis
2869 5059 3191 5124 deabusve
3245 5058 3568 5124 omnibus-
3595 5065 3661 5123 et
3702 5060 3824 5123 hoc
3866 5060 4009 5143 ipso
4056 5061 4127 5123 in
4174 5076 4301 5141 quo

686 5177 969 5241 vivimus
1014 5177 1258 5242 mundo
1305 5180 1655 5264 antiquius.
1750 5199 1869 5244 nec
1915 5183 2154 5245 mirum
2201 5189 2300 5247 est
2340 5183 2639 5267 profecto,
2687 5183 2859 5267 quod
2905 5190 3232 5248 matronae
3277 5185 3738 5268 praenestinae,
3781 5186 3953 5248 inter
3999 5203 4161 5269 quas
4207 5187 4304 5246 est

688 5298 961 5365 Orcevia
989 5300 1050 5365 N
1053 5303 1284 5366 umerii
1316 5311 1551 5387 nostra,
1597 5305 1888 5373 nationis
1925 5306 2141 5390 qratia
2174 5326 2305 5371 non
2351 5308 2561 5372 solum
2607 5309 2676 5372 in
2722 5308 2953 5374 sacello
2978 5307 3298 5373 Fortunae
3343 5307 3680 5373 muliebris
3721 5310 4030 5392 fecerunt,
4076 5326 4302 5372 verum
