4859 6392
2219 616 2299 677 15

766 827 1075 892 Bellonae
1137 828 1336 913 igitur
1378 828 1684 910 poculum
1731 848 1879 892 cum
1929 847 2057 912 quo
2102 829 2395 913 gentium
2442 830 2838 912 pervenisset
2883 848 2966 892 ex
3030 847 3253 892 museo
3303 826 3663 912 Campanae
3724 847 3852 893 non
3921 849 4069 895 con-

438 956 660 1033 staret,
704 954 871 1016 mira
918 958 1130 1016 autem
1178 952 1257 1016 de
1305 952 1671 1036 archetypO,
1718 953 1893 1037 quod
1938 951 2180 1017 Romae
2226 959 2619 1037 usurpasset,
2667 951 3054 1017 Garruccius
3102 952 3462 1036 evulgasset
3491 951 3787 1037 Sylloges
3829 974 3892 1018 n.
3939 956 4067 1018 477

442 1095 744 1161 quaeque
792 1094 941 1140 cum
987 1093 1063 1140 eo
1110 1077 1424 1160 exempIO,
1471 1076 1643 1159 quod
1689 1076 1841 1141 olim
1886 1076 2037 1140 inde
2083 1075 2162 1140 ab
2194 1075 2479 1142 Henrico
2510 1076 2740 1141 Brunn
2786 1083 3126 1161 exceptum
3170 1075 3561 1141 Ritschelius
3608 1075 3785 1142 PLM
3823 1083 3865 1142 t.
3899 1077 4071 1145 XIG

441 1199 689 1285 publici
733 1201 895 1264 iuris
941 1199 1109 1281 fecit,
1167 1199 1463 1265 dissensu
1524 1200 1793 1264 notabili
1848 1206 2224 1286 pugnarent,
2286 1221 2515 1287 operae
2579 1203 2856 1285 pretium
2921 1201 3205 1265 facturus
3268 1219 3408 1266 esse
3475 1201 3633 1264 mihi
3680 1201 3962 1285 videbar,
4016 1207 4071 1268 si

442 1324 774 1408 archetypi
829 1324 1043 1388 denuo
1092 1324 1505 1389 examinandi
1550 1325 1916 1390 facultatem
1972 1329 2388 1391 nanciscerer.
2483 1347 2521 1390 a
2567 1326 2860 1390 Brunnio
2919 1327 3119 1410 igitur
3179 1326 3461 1403 edoctuS‚
3523 1345 3710 1410 posse
3766 1329 4071 1412 poculum

434 1447 767 1513 Lutetiam
813 1449 1205 1513 Parisiorum
1267 1449 1548 1514 delatum
1615 1469 1771 1531 esse,
1838 1449 2179 1514 Gastonem
2227 1449 2528 1533 Boissier,
2590 1453 2777 1515 cuius
2823 1453 3184 1515 comitatem
3232 1452 3377 1535 plus
3430 1452 3627 1515 semel
3673 1449 3916 1515 Romae
3963 1472 4074 1517 ex-

437 1579 669 1657 pertus
716 1559 911 1655 eram,
956 1572 1256 1657 precibus
1303 1574 1452 1656 adii,
1497 1580 1574 1639 ut
1619 1576 1785 1639 inter
1828 1576 2141 1659 parisinos
2187 1576 2519 1639 thesauros
2564 1576 2774 1639 musei
2823 1575 2934 1638 ‘du
2964 1573 3239 1640 Louvre'
3286 1577 3605 1660 perditum
3648 1595 3809 1660 opus
3842 1579 4067 1661 anqui-

436 1703 630 1761 reret.
722 1716 843 1761 nec
886 1717 1098 1762 mora:
1168 1706 1388 1764 extare
1450 1701 1618 1764 enim
1676 1699 1767 1763 ibi
1825 1701 2155 1764 celerrime
2202 1721 2305 1765 me
2350 1703 2604 1766 monuit
2647 1701 2946 1783 idemque
3006 1705 3069 1764 et
3114 1700 3234 1764 hoc
3281 1700 3453 1785 quod
3499 1721 3692 1785 supra
3738 1702 4073 1766 hominum

444 1822 779 1886 doctorum
844 1825 997 1887 usui
1059 1824 1302 1889 subieci
1373 1823 1744 1907 exemplum
1813 1827 2165 1889 transmisit
2228 1832 2291 1890 et
2350 1825 2825 1890 observationes
2889 1825 3196 1909 quasdam
3261 1846 3410 1890 suas
3465 1845 3676 1890 coram
3725 1827 4072 1912 archetypo

442 1947 647 2011 factas
716 1965 971 2012 mecum
1040 1949 1559 2013 communicavit.
1674 1949 1804 2012 iam
1868 1949 2069 2032 igitur
2131 1951 2367 2015 clarius
2432 1954 2691 2035 apparet
2775 1988 2858 1997 —
2937 1969 3086 2013 nam
3150 1951 3216 2012 in
3277 1950 3675 2035 lithographo
3739 1949 4073 2016 Ritschelii

446 2071 749 2154 exemplo
797 2090 925 2135 non
973 2072 1157 2135 nulla
1202 2092 1429 2157 parum
1478 2072 1761 2137 dilucide
1808 2092 2222 2157 comparuere
2271 2076 2521 2159 antiqui
2567 2075 2829 2159 pictoris
2876 2073 3143 2137 artificia
3210 2111 3294 2121 —
3359 2077 3712 2139 rectissime
3758 2096 3876 2139 nos
3921 2076 4077 2139 huc-

452 2215 665 2280 usque
710 2194 1035 2261 iudicasse
1082 2202 1409 2280 serpentes
1456 2217 1597 2262 esse
1643 2198 1916 2261 insertos
1960 2198 2234 2262 feminae
2282 2198 2569 2263 crinibus
2633 2217 2843 2282 neque
2888 2217 3040 2262 vero
3090 2197 3390 2262 ‘floream'
3448 2220 3640 2282 quam
3690 2198 4076 2264 Garruccius

451 2320 532 2384 ad
581 2321 1071 2386 sustentandum
1120 2322 1345 2387 belolai
1386 2321 1685 2387 vocabuli
1730 2323 2315 2407 interpretationem
2362 2323 2586 2386 falsam
2633 2322 2833 2412 καλῆς
2875 2321 3068 2386 finxit
3115 2321 3475 2387 ‘coronam’.
3540 2323 3712 2406 quod
3757 2328 3830 2387 ut
3860 2326 4074 2407 quivis

456 2446 567 2528 qui
616 2450 909 2509 nostrum
960 2445 1332 2529 exemplum
1378 2447 1584 2511 oculis
1633 2448 2044 2530 usurpaverit
2087 2467 2205 2511 sua
2249 2452 2475 2530 sponte
2523 2446 2872 2529 agnoverit,
2917 2449 3007 2510 ita
3051 2448 3118 2509 in
3154 2447 3498 2530 archetypo
3542 2453 3792 2530 praeter
3822 2466 4077 2511 omnem

452 2568 921 2634 dubitationem
993 2589 1377 2654 comparere,
1446 2591 1594 2635 cum
1663 2573 2034 2656 praesertim
2103 2593 2141 2636 a
2207 2570 2514 2635 subfusco
2570 2571 2843 2634 crinium
2900 2570 3111 2634 colore
3170 2576 3494 2655 serpentes
3540 2570 3792 2634 candidi
3842 2573 4077 2655 optime

452 2694 953 2778 distinguantur,
982 2702 1223 2759 -auctor
1266 2697 1425 2759 mihi
1474 2702 1571 2761 est
1617 2717 1808 2782 quem
1858 2716 2053 2781 supra
2083 2696 2343 2760 laudavi
2373 2695 2758 2760 Boissierus.
2837 2701 3044 2759 cetera
3090 2696 3303 2758 omnia
3349 2694 3655 2759 artificem
3702 2697 4077 2780 parisinum,

448 2817 823 2899 Housselin,
870 2824 1000 2882 tam
1048 2825 1341 2884 accurate
1387 2823 1777 2904 expressisse
1821 2820 1992 2885 idem
2039 2824 2322 2900 testatur,
2370 2824 2444 2882 ut
2488 2826 2737 2904 praeter
2782 2821 3012 2882 rimam
3044 2820 3367 2903 exiguam,
3426 2841 3621 2903 quam
3668 2821 3836 2884 inter
3881 2827 4075 2905 caput

457 2948 521 3005 et
582 2942 757 3006 tituli
820 2942 1098 3006 litteram
1164 2943 1201 3007 b
1262 2945 1710 3010 indumentum
1777 2946 2012 3009 coloris
2067 2946 2267 3028 egerit
2335 2980 2419 2989 -
2493 2962 2761 3025 eamque
2828 2941 3163 3007 Brunnius
3210 2945 3277 3006 in
3323 2944 3730 3011 ritscheliano
3777 2945 4074 3029 exemplo

450 3068 770 3151 expressit
837 3102 918 3113 -
987 3087 1252 3152 prorsus
1322 3070 1481 3132 nihil
1547 3070 1627 3133 ab
1696 3069 2040 3152 archetypo
2109 3068 2450 3151 discrepet:
2523 3068 2841 3151 expressis
2906 3072 3120 3130 autem
3184 3066 3398 3130 verbis
3457 3070 3615 3131 mihi
3671 3070 4073 3133 confirmavit

446 3191 623 3254 tituli
673 3191 985 3255 elementa
1031 3193 1245 3255 omnia
1294 3193 1643 3257 clarissime
1691 3211 2057 3277 comparere
2103 3211 2312 3275 neque
2358 3191 2560 3254 ullam
2608 3209 2792 3274 posse
2854 3189 2933 3254 de
2999 3192 3221 3274 quinto
3285 3193 3581 3273 nominiS,
3652 3193 3825 3275 quod
3885 3212 4072 3277 posse

453 3335 504 3376 n
546 3314 746 3379 fuisse
794 3316 944 3379 olim
995 3316 1310 3381 creditum
1358 3325 1469 3399 est,
1516 3320 1760 3383 moveri
1808 3316 2291 3381 dubitationem.
2395 3315 2516 3378 hoc
2585 3315 2793 3378 solum
2858 3314 3027 3378 idem
3075 3316 3176 3378 vir
3237 3316 3464 3379 doctus
3509 3316 3793 3379 indicare
3841 3318 4072 3398 omisit,

454 3436 920 3502 Housselinum
968 3442 1280 3523 consultO,
1326 3447 1398 3504 ut
1444 3441 1719 3523 videtur,
1762 3441 2073 3523 marginis
2121 3445 2585 3513 ornamentum,
2639 3438 3051 3502 hederaceam
3088 3412 3409 3502 ‘coronam
3457 3476 3543 3488 —
3593 3461 3784 3523 quam
3833 3441 4070 3505 videris

450 3563 522 3626 in
567 3564 970 3628 ritscheliano
1018 3565 1312 3649 exemplo
1347 3603 1427 3611 -
1465 3566 1767 3629 omisisse.
1870 3570 1965 3628 est
2011 3568 2221 3627 autem
2267 3564 2526 3647 gemina
2571 3563 2648 3644 ei,
2696 3584 2823 3646 qua
2868 3563 3081 3647 poculi
3129 3583 3353 3628 recens
3417 3566 3664 3628 inventi
3729 3571 3791 3627 et
3857 3564 4072 3629 verbis

444 3688 803 3752 iunmaenes
851 3684 1003 3775 (sic)
1043 3689 1330 3772 pocolom
1377 3690 1667 3773 inscripti
1714 3708 1933 3773 margo
1983 3690 2366 3772 contegitur:
2418 3687 2588 3771 quod
2638 3688 2971 3752 vasculum
3020 3687 3060 3751 1.
3111 3708 3158 3750 s.
3209 3710 3255 3751 a.
3304 3688 3661 3753 inlustravi.

765 3813 1118 3896 principem
1155 3814 1274 3876 hoc
1306 3814 1610 3897 poculum
1647 3814 1863 3877 locum
1897 3815 2065 3876 inter
2097 3811 2634 3896 quattuordecim,
2667 3831 2831 3895 quae
2866 3812 3074 3875 adhuc
3106 3815 3461 3893 innotuere,
3495 3813 3782 3876 eiusdem
3817 3816 4070 3896 generis

450 3943 868 4002 monumenta
896 3936 1083 4001 facile
1118 3939 1543 4022 occupaverit.
1616 3957 1763 4001 nam
1800 3942 2008 4001 cetera
2044 3937 2260 4000 omnia
2292 3942 2405 3999 aut
2433 3942 2648 4001 carent
2694 3935 2919 4020 figuris
2967 3943 3077 4000 aut
3121 3938 3436 4001 alatorum
3480 3938 3816 4020 geniorum
3875 3940 4071 4002 variis

445 4062 700 4126 lusibus
747 4063 1160 4143 intentorum,
1207 4080 1373 4145 quos
1419 4068 1625 4125 erotes
1672 4061 1884 4126 dicere
1929 4082 2044 4145 par
2088 4066 2202 4141 est,
2249 4066 2470 4123 ornata
2516 4066 2681 4124 sunt.
2734 4080 2862 4145 qua
2908 4061 2987 4124 de
3033 4080 3102 4125 re
3149 4061 3404 4125 abunde
3451 4061 3689 4125 dictum
3740 4067 3836 4125 cst
3869 4062 3908 4125 l.
3940 4083 3987 4125 s,
4020 4082 4072 4125 s,

448 4186 516 4247 in
558 4186 692 4249 solo
754 4187 955 4270 igitur
999 4185 1307 4251 Bellonae
1375 4186 1608 4269 poculo
1655 4185 1945 4249 numinis
2002 4185 2140 4247 eius
2206 4186 2394 4248 cuius
2459 4185 2520 4247 id
2570 4184 2770 4248 fuisse
2816 4191 3076 4269 apparet
3129 4188 3341 4270 imago
3390 4184 3597 4248 efficta
3652 4192 3764 4249 est.
3856 4206 4069 4269 neque

449 4311 614 4373 enim
667 4310 944 4374 dubitari
990 4316 1214 4396 potest,
1262 4309 1436 4395 quod
1483 4310 1635 4373 olim
1682 4327 2077 4389 monueram,
2123 4309 2468 4391 imaginem
2504 4328 2640 4372 esse
2674 4308 2828 4372 deae
2859 4307 3107 4391 Enyus,
3154 4312 3343 4373 cuius
3389 4330 3620 4373 nomen
3673 4312 4070 4394 quicumque

448 4430 756 4498 Bellonae
815 4454 1043 4519 graeco
1099 4454 1392 4501 sermone
1453 4435 1804 4498 meminere
1865 4433 2061 4496 latino
2126 4431 2542 4496 substituunt.
2652 4433 2763 4496 sed
2810 4438 2946 4497 tum
3012 4451 3160 4496 cum
3224 4434 3508 4517 primum
3573 4434 3692 4497 hoc
3754 4435 3928 4498 haud
3983 4438 4071 4499 ita

451 4556 840 4623 confidenter
901 4562 1395 4645 pronuntiabam
1463 4558 1843 4637 (Annalium
1909 4579 1963 4621 a.
2022 4557 2191 4621 1872
2238 4578 2298 4643 p.
2350 4558 2491 4641 54),
2554 4558 2766 4639 graeci
2831 4558 3119 4620 numinis
3182 4559 3496 4639 imagines
3559 4564 3776 4621 nostro
3825 4560 4070 4624 similes

449 4682 830 4748 videbantur
874 4684 1241 4749 desiderari.
1324 4689 1388 4748 at
1430 4683 1624 4767 paulo
1670 4687 1815 4767 post
1858 4684 1926 4745 in
1972 4682 2233 4765 speculo
2280 4682 2684 4765 praenestino
2731 4680 2901 4745 edito
2948 4679 3514 4747 Monumentorum
3565 4684 3837 4746 instituti
3888 4684 4070 4748 volu·

448 4808 620 4872 mine
667 4814 888 4873 octavo
934 4814 980 4873 t.
1026 4808 1195 4891 LVI,
1244 4811 1281 4873 2
1330 4809 1689 4893 comparuit
1736 4805 1925 4883 Enic,
1991 4807 2162 4869 tusci
2228 4804 2486 4869 artificis
2531 4804 2753 4889 figura,
2809 4806 2989 4889 rugis
3047 4805 3158 4868 illa
3223 4806 3482 4889 quidem
3532 4807 3806 4889 aliisque
3869 4809 4068 4872 vetuli

448 4930 703 4997 habitus
746 4932 1113 5018 insignibus
1159 4932 1238 4996 ab
1269 4932 1389 4996 hac
1432 4937 1669 5014 nostra,
1716 4950 1881 5015 quae
1924 4931 2194 5014 virginis
2229 4931 2564 4994 iuvenisve
2602 4930 3022 4993 mulierculae
3069 4929 3265 4992 vitam
3313 4932 3554 5013 spirare
3601 4931 3872 5014 videtur,
3914 4934 4068 4995 satis

451 5055 721 5138 diversa,
768 5057 880 5121 sed
927 5057 1147 5121 eadem
1197 5059 1258 5121 ei
1304 5057 1630 5121 simillima
1675 5056 2068 5139 serpentium
2117 5053 2405 5117 crinibus
2452 5055 2838 5118 insertorum
2897 5060 3143 5117 ornatu.
3247 5060 3414 5118 recte
3473 5057 3642 5117 enim
3693 5053 4068 5136 KekuleiuS,

450 5180 559 5263 qui
632 5181 875 5264 speculi
934 5181 1132 5247 huius
1196 5182 1510 5266 interpres
1571 5181 1711 5263 fuit,
1771 5179 1925 5243 deae
1991 5177 2215 5241 tribuit
2281 5176 2532 5262 ‘capelli
2596 5177 2788 5240 simili
2856 5178 3163 5261 alquanto
3232 5198 3268 5241 a
3327 5179 3472 5260 quei
3535 5177 3734 5241 d’una
3781 5177 4067 5241 Medusa'

450 5303 832 5389 (Annalium
896 5327 948 5370 a.
1018 5307 1185 5371 1873
1233 5328 1290 5391 p.
1343 5304 1515 5387 127),
1578 5304 1691 5368 sed
1738 5303 1907 5367 idem
1956 5304 2293 5365 immemor
2336 5302 2465 5367 fuit
2509 5307 2760 5365 nostrae
2805 5301 3121 5386 imaginis.
3230 5310 3476 5366 certum
3525 5304 3725 5386 igitur
3772 5323 3909 5364 esse
3958 5305 4061 5366 aio
