4859 6392
2627 683 2707 745 16

851 897 1086 979 Enyus
1128 896 1477 982 imaginem
1522 894 1830 960 Medusae
1875 896 2153 960 similem
2198 897 2265 960 in
2311 897 2433 961 hoc
2472 896 2710 981 poculo
2755 898 2991 980 pictam
3037 915 3195 960 esse.
3304 896 3461 979 quid
3522 898 3750 962 circuli
3794 898 4164 962 maculaeve
4211 896 4524 961 uti-inde

850 1023 1043 1107 positi
1088 1019 1453 1107 significent
1496 1038 1674 1084 nunc
1718 1038 1981 1103 quoque
2024 1021 2268 1105 ignoro.
2380 1040 2545 1105 quae
2604 1039 2753 1084 cum
2812 1020 2905 1083 ita
2963 1020 3093 1083 sint
3146 1020 3373 1085 nullus
3419 1021 3643 1085 dubito
3692 1022 3854 1104 quin
3897 1026 4150 1105 praeter
4194 1020 4524 1086 Garma-

852 1148 1026 1210 cium
1073 1145 1176 1208 vel
1224 1144 1770 1210 contumacissimi
1811 1144 2009 1209 falsae
2056 1145 2375 1229 opinionis
2420 1143 2783 1209 laudatores
2827 1164 3006 1208 nunc
3049 1146 3496 1227 concesserint,
3559 1146 3811 1209 incuria
3866 1145 4174 1229 pictorem
4250 1145 4526 1210 belolai

850 1269 1102 1334 dedisse
1151 1267 1325 1352 quod
1372 1267 1623 1333 belonai
1666 1268 1890 1333 debuit
1932 1288 2091 1351 esse,
2151 1288 2300 1333 cum
2353 1270 2728 1353 praesertim
2774 1269 2911 1333 bini
2976 1274 3228 1354 praeter
3289 1269 3642 1335 leviculum
3706 1269 3882 1333 hunc
3927 1270 4178 1353 lapsum
4223 1288 4518 1334 errores

849 1394 1167 1478 pictorum
1216 1394 1405 1477 eique
1462 1398 1559 1458 sat
1615 1412 1845 1478 graves
1912 1394 1983 1457 in
2052 1400 2409 1457 ceterorum
2473 1393 2854 1478 poculorum
2915 1394 3128 1458 titulis
3188 1395 3512 1478 supersint
3565 1393 3924 1479 pouoeolom
3990 1398 4056 1457 et
4106 1394 4516 1459 iunonem

851 1519 1085 1601 scripta
1140 1537 1284 1581 cum
1332 1516 1494 1581 falsa
1538 1516 1826 1598 syllabae
1872 1518 2156 1602 integrae
2200 1518 2599 1602 repetitione.
2701 1524 3026 1602 praeterea
3071 1518 3233 1582 nihil
3279 1518 3585 1582 dixerunt
3628 1518 3745 1603 qui
3800 1516 4128 1582 Dzoelonum
4197 1517 4510 1581 formam

849 1641 1355 1725 requisiverunt:
1398 1661 1553 1704 nam
1621 1646 1694 1705 ut
1740 1640 1973 1706 merois
2038 1646 2103 1706 et
2146 1642 2322 1706 Iovis
2390 1641 2678 1705 eiusdem
2749 1643 2974 1706 aetatis
3044 1661 3185 1706 esse
3230 1647 3480 1706 constat
3531 1641 3635 1705 vel
3689 1641 3844 1706 solis
3890 1624 4198 1706 cistarum
4242 1660 4512 1724 speon-

850 1766 1190 1848 lorumque
1258 1766 1816 1849 praenestinorum
1876 1766 2277 1848 testimoniis,
2330 1767 2419 1830 ita
2490 1767 2636 1849 quis
2684 1784 2923 1849 quaeso
2987 1767 3517 1832 demonstraverit
3567 1766 3933 1830 inauditum
3976 1765 4177 1830 fuisse
4222 1764 4508 1830 Belona

850 1909 925 1955 eo
971 1896 1257 1973 tempore
1305 1908 1434 1974 quo
1482 1888 1782 1953 Duelona
1824 1888 2393 1972 hequentabatur?
3183 1871 3187 1876 ’

1169 2013 1384 2078 Plauti
1452 2018 1737 2097 tempore
1780 2012 2024 2078 Romae
2071 2014 2407 2079 Bellonam
2479 2034 2628 2078 cum
2699 2014 2902 2079 Marte
2969 2014 3252 2078 militum
3318 2018 3653 2097 patronam
3714 2014 3913 2078 fuisse
3969 2011 4338 2078 Cleomachi
4411 2015 4498 2077 in

846 2137 1246 2202 Bacchidum
1313 2159 1372 2201 v.
1422 2138 1549 2200 847
1618 2140 1720 2201 ius
1773 2138 2124 2203 iurandum
2192 2138 2508 2223 patefacit.
2599 2140 2825 2203 eodem
2891 2144 3176 2222 tempore
3242 2139 3313 2202 in
3358 2143 3687 2221 pervetere
3750 2139 3949 2203 huius
3995 2137 4151 2202 deae
4197 2137 4358 2202 aede
4411 2140 4496 2201 in

849 2264 1019 2326 circo
1079 2261 1394 2326 Flaminio
1457 2261 1745 2326 dedicata
1828 2268 2093 2327 senatus
2178 2264 2401 2348 populi
2457 2266 2708 2327 romani
2771 2262 3208 2343 conveniebat,
3271 2244 3587 2346 siquando
3649 2268 3836 2327 extra
3891 2262 4251 2346 pomerium
4317 2282 4494 2326 con-

848 2386 1151 2450 veniendi
1218 2386 1505 2470 bellique
1572 2387 1713 2451 iura
1781 2386 2179 2471 disceptandi
2234 2387 2504 2454 facultas
2573 2387 2862 2452 dabatur.
2952 2388 3262 2472 poculum
3326 2386 3628 2452 Bellonae
3673 2406 3821 2451 cum
3869 2387 4120 2472 poculis
4166 2386 4493 2452 omnibus

850 2516 1166 2594 quotquot
1232 2509 1444 2574 adhuc
1506 2512 1771 2575 inventa
1839 2513 1970 2576 sint
2040 2512 2307 2575 deorum
2356 2513 2704 2577 latinorum
2764 2513 2963 2577 sacris
3009 2517 3213 2577 aetate
3257 2510 3472 2576 Plauti
3520 2512 3849 2595 antiquius
3895 2518 4006 2575 est.
4093 2512 4164 2575 in
4211 2512 4311 2575 his
4361 2531 4493 2596 po-

848 2634 1013 2698 culis
1061 2653 1224 2717 quae
1269 2640 1520 2718 reperta
1566 2640 1718 2698 sunt
1763 2637 2026 2700 nomina
2072 2635 2341 2701 deorum
2381 2636 2660 2721 Saturni,
2711 2636 2996 2719 Volcani,
3041 2635 3220 2719 Keri,
3251 2635 3652 2719 Aesculapii,
3697 2636 3966 2701 dearum
4007 2633 4296 2714 Iunonie,
4347 2634 4488 2699 Mi-

844 2778 1101 2839 nervae,
1149 2758 1478 2841 Bellonae,
1525 2758 1820 2851 VeneriS,
1863 2759 2125 2841 SalutiS‚
2175 2760 2398 2843 Curae,
2445 2762 2807 2845 Aequitiae‚
2861 2761 3203 2844 Fortunae,
3269 2758 3613 2843 Lavernae,
3680 2779 3757 2824 ea
3799 2766 3937 2825 tum
3984 2760 4287 2843 temporis
4335 2779 4482 2825 non

846 2883 1058 2947 solum
1104 2882 1348 2947 Romae
1394 2902 1625 2946 verum
1670 2885 1840 2948 inter
1884 2885 2120 2949 latinae
2164 2887 2373 2968 gentis
2419 2885 2734 2970 latinique
2796 2887 3109 2951 sermonis
3168 2886 3459 2950 homines
3523 2884 3730 2949 cultos
3776 2904 3915 2949 esse
3960 2888 4479 2949 consentaneum

846 3012 957 3070 est.
1051 3006 1296 3071 dixeris
1340 3006 1648 3072 Bellonae
1695 3010 2002 3092 poculum
2046 3010 2269 3075 militis
2315 3010 2591 3074 alicuius
2623 3010 2918 3095 sepulcro
2948 3011 3226 3075 inlatum
3271 3028 3430 3093 esse,
3469 3011 3608 3074 sive
3650 3010 3708 3079 is
3752 3010 3822 3072 in
3866 3014 4049 3073 tusco
4096 3009 4477 3092 municipia,

845 3130 1020 3194 unde
1066 3133 1468 3214 suspicamur
1508 3132 1800 3218 prodisse
1845 3135 2172 3218 poculum,
2240 3136 2496 3219 vixerit,
2555 3134 2915 3204 sive..alibi.
3009 3135 3090 3201 de
3153 3136 3256 3199 his
3325 3153 3585 3218 quoque
3640 3132 3837 3199 rebus
3897 3131 4173 3216 amplius
4220 3132 4474 3199 dictum

848 3260 944 3318 est
988 3255 1341 3319 Annalium
1389 3256 1529 3320 loco
1576 3276 1623 3320 s.
1670 3277 1719 3323 s,

1166 3449 1406 3516 Datum
1450 3451 1841 3538 Regimontii
1888 3452 1946 3518 d,
2002 3453 2082 3517 10
2127 3452 2291 3518 Nov,
2342 3451 2534 3518 1884.
