4859 6392
2413 596 2446 656 7

620 808 755 876 filia
773 808 915 874 Iovi
948 810 1229 894 primum
1263 814 1431 875 nata.
1507 822 1711 874 unum
1742 813 1897 874 novi
1920 814 2149 874 testem
2174 811 2289 893 qui
2312 814 2673 873 ceterorum
2693 809 2977 872 omnium
3002 826 3385 873 consensum
3412 814 3820 887 contemnere
3840 807 4128 874 videtur:
4154 818 4251 875 est

616 938 836 997 autem
880 932 1150 1014 Tullius,
1201 928 1315 1017 qui
1385 935 1453 997 in
1502 953 1576 998 eo
1620 933 1939 998 vocabulo
1985 932 2366 1018 explicando
2424 931 2825 997 ludibundus
2881 931 3240 1016 philosophi
3304 936 3520 1015 partes
3583 951 3778 1015 quam
3847 935 4247 1016 grammatici

614 1075 808 1140 agere
852 1058 1093 1123 maluit.
1157 1061 1327 1123 certe
1374 1060 1429 1122 si
1474 1057 1640 1122 libro
1687 1058 1768 1122 de
1813 1057 2069 1143 legibus
2116 1057 2311 1120 altero
2364 1056 2466 1137 11,
2499 1055 2583 1119 28
2629 1057 2786 1121 talia
2831 1055 3030 1120 dedit:
3079 1054 3503 1138 Fortunaque
3529 1053 3622 1119 sit
3646 1054 3748 1119 vd
3771 1054 4068 1121 Huiusce
4095 1057 4246 1139 diei,

608 1200 779 1245 nam
822 1181 987 1246 valet
1028 1180 1108 1244 in
1151 1200 1373 1246 omnes
1417 1181 1555 1245 dies
1603 1230 1896 1246 .....
1948 1182 2048 1245 vel
2087 1179 2513 1264 Primigenia,
2559 1200 2602 1244 a
2641 1180 2958 1265 yeynendo
3002 1199 3227 1244 come-3.
3323 1183 3465 1243 tum
3522 1178 3849 1262 senarum
3891 1180 4240 1264 festorum·

619 1324 743 1388 que
786 1304 1044 1397 dierum
1086 1304 1255 1371 ratio
1310 1324 1365 1370 e.
1413 1327 1474 1390 q.
1520 1325 1573 1371 e.
1644 1344 1723 1355 --
1793 1305 2052 1370 videtur
2105 1312 2318 1371 autem
2363 1303 2701 1368 Turnebus
2757 1305 2912 1368 haec
2959 1308 3127 1367 recte
3183 1303 3466 1368 effecisse
3531 1322 3617 1367 ex
3674 1302 3930 1369 ‘veteris
3985 1304 4243 1369 codicis'

618 1428 757 1492 sive
802 1434 877 1492 ut
920 1447 1098 1493 nunc
1142 1431 1380 1494 rectius
1426 1430 1715 1494 dicemus
1760 1448 1846 1493 ex
1901 1429 2232 1513 archetypi
2297 1430 2614 1512 scriptura
2680 1429 2799 1492 hac
2867 1429 2965 1493 vel
3019 1425 3490 1511 primiyoeziam
3557 1448 3614 1492 a·
3661 1427 3983 1513 yiqnendo
4041 1448 4248 1494 comes

620 1557 786 1631 tum,
856 1553 925 1615 in
976 1552 1215 1636 quibus
1259 1573 1411 1618 cum
1455 1557 1664 1617 esium
1706 1553 1778 1616 in
1824 1553 2071 1637 aliquot
2132 1552 2610 1638 exemplaribus
2676 1571 2874 1636 pravo
2939 1551 3207 1616 consilio
3271 1556 3594 1617 mutatum
3638 1557 3736 1616 est
3809 1587 3917 1635 —,
3985 1553 4143 1618 haec
4187 1554 4245 1618 si

620 1675 798 1740 dedit
827 1674 1093 1759 Tullius,
1139 1682 1401 1763 apparet
1430 1696 1580 1742 eum
1610 1676 1894 1741 voluisse
1924 1677 2088 1741 hanc
2121 1679 2570 1761 primigeniam
2617 1676 2800 1740 deam
2845 1675 3219 1740 hominibus
3264 1697 3304 1739 a
3331 1682 3489 1740 natu
3519 1678 3818 1741 comitem
3862 1696 4022 1755 esse,
4070 1676 4245 1761 quod

624 1806 755 1864 tam
800 1804 1023 1864 contra
1063 1820 1260 1865 usum
1304 1800 1605 1865 vocabuli
1652 1820 1848 1885 quam
1895 1807 2115 1865 contra
2159 1802 2650 1885 compositionis.
2680 1802 2888 1885 legem
2957 1819 3032 1865 eo
3103 1801 3372 1865 consilio
3419 1801 3826 1885 excogitavit,
3894 1808 3970 1865 ut
4014 1803 4246 1866 ceteris

618 1923 937 1989 Fortunae
984 1924 1479 2008 cognominibus
1522 1924 1814 1990 Huiusce
1864 1924 2015 2006 diei,
2085 1924 2529 2008 Respicientzs,
2599 1925 2819 1989 Fortis
2862 1926 2985 1988 hoc
3032 1943 3292 2008 quoque
3339 1922 3779 2008 Primiyeniae
3821 1927 4084 1991 notione
4153 1946 4246 2007 ea,

614 2068 751 2131 qua
812 2048 1153 2132 expectatio
1217 2069 1440 2113 rerum
1510 2047 1829 2113 bonarum
1886 2048 2172 2132 myatur
2231 2084 2316 2097 -—
2380 2050 2470 2113 ita
2516 2051 2688 2113 enim
2735 2051 2824 2113 ait
2875 2086 2963 2101 -
3022 2068 3214 2132 quam
3262 2047 3665 2113 simillimum
3711 2048 4019 2114 redderet.
4111 2069 4243 2115 non

614 2172 817 2236 miror
863 2172 1035 2256 quod
1078 2173 1156 2253 is,
1203 2175 1317 2256 qui
1363 2172 1539 2237 solus
1584 2172 1709 2237 sibi
1755 2172 2012 2237 videtur
2055 2173 2286 2237 horum
2334 2173 2646 2238 librorum
2693 2192 2953 2237 sensum
2998 2173 3262 2256 cepisse,
3325 2173 3504 2261 inani
3561 2172 4030 2237 exclamatione
4076 2173 4244 2236 hanc

614 2296 1205 2380 interpretationem
1278 2296 1364 2362 ‘et
1405 2299 1501 2362 rei
1546 2304 1608 2362 et
1653 2297 1921 2361 nomini'
1990 2299 2180 2361 unice
2225 2299 2709 2362 convenientem
2756 2298 2940 2378 dixit,
3008 2297 3253 2360 scilicet
3297 2298 3579 2381 ignarus,
3645 2296 3804 2380 quid
3849 2296 3974 2360 sibi
4027 2296 4244 2361 indul·

617 2420 820 2484 serint
862 2420 1041 2485 illius
1088 2422 1311 2485 aetatis
1355 2421 1647 2486 homines
1708 2421 1880 2485 docti
1940 2423 2009 2485 in
2056 2421 2389 2486 eliciendis
2432 2420 2970 2487 reconditioribus
3031 2421 3370 2484 nominum
3417 2420 3790 2486 divinorum
3835 2419 4132 2485 sensibus
4177 2426 4243 2485 et

616 2544 807 2628 plane
854 2544 1102 2611 alienus
1147 2543 1228 2606 ab
1274 2545 1451 2607 omni
1495 2564 1653 2609 cura
1696 2545 2064 2629 explicandi
2110 2545 2413 2610 vocabuli
2451 2546 2907 2630 pruniyenius.
2996 2545 3120 2608 hoc
3183 2546 3385 2607 miror
3441 2543 3614 2627 quod
3659 2542 4074 2609 Marucchius
4117 2544 4241 2609 hoc

617 2687 974 2752 cognomen
1044 2667 1125 2731 ad
1179 2667 1663 2752 significandam
1731 2671 2059 2734 caritatem
2132 2670 2479 2734 liberorum
2547 2672 2618 2733 in
2685 2652 2962 2753 gremio'
2996 2670 3140 2732 eius
3192 2667 3555 2732 sedentium
3613 2672 3842 2752 aptum
3885 2687 4026 2733 esse
4073 2668 4241 2733 dixit

622 2792 663 2855 l.
707 2811 756 2857 S.
803 2813 855 2858 s,
902 2812 964 2877 p.
1014 2793 1140 2854 251
1191 2792 1495 2876 quodque
1542 2791 1869 2858 Prellerus
1915 2790 2002 2876 23,
2052 2795 2179 2858 190
2240 2796 2694 2879 Primigeniam
2755 2793 2940 2858 deam
2998 2793 3470 2877 praenestinam
3513 2811 3648 2856 non
3700 2792 3910 2859 solum
3956 2793 4240 2875 primum

622 2915 899 2998 genitam
968 2933 1195 2979 verum
1263 2917 1455 2980 etiam
1523 2918 1813 2982 omnium
1882 2936 2099 2982 rerum
2164 2920 2550 3002 genetricem
2603 2918 2806 2982 fuisse
2861 2936 2946 2981 ex
2991 2916 3272 2980 nominis
3327 2916 3688 3000 veriloquio
3735 2916 3862 2980 sibi
3903 2917 4240 3001 persuasit.

622 3036 737 3100 sed
781 3039 1157 3122 priusquam
1204 3039 1283 3103 de
1327 3039 1523 3103 huius
1568 3041 1826 3105 notione
1872 3028 2067 3104 latius
2114 3060 2438 3124 quaeram,
2483 3043 2815 3106 historiam
2860 3042 3002 3105 eius
3048 3041 3237 3103 certis
3281 3038 3522 3103 finibus
3567 3039 4111 3104 circumscribam.

938 3160 1183 3227 Romae
1246 3164 1447 3247 igitur
1489 3198 1576 3209 —-
1637 3170 1712 3227 ut
1773 3166 1994 3247 paucis
2056 3164 2570 3249 conprehendam
2636 3165 2715 3228 de
2778 3164 3019 3249 quibus
3066 3163 3205 3227 dixi
3252 3163 3678 3247 ephemeridis
3723 3164 3892 3227 arch.
3942 3163 4135 3228 berol.
4183 3184 4238 3229 a.

622 3284 792 3348 1871
840 3306 899 3369 p.
949 3287 1028 3348 77
1077 3305 1159 3350 ss.
1228 3286 1309 3349 ad
1354 3286 1713 3353 Prellerum
1759 3286 1819 3369 2,
1867 3289 1993 3352 183
2041 3289 2187 3352 adn.
2239 3291 2276 3353 3
2345 3325 2432 3336 --
2502 3288 2833 3353 Fortunae
2889 3288 3190 3373 publicae
3244 3287 3678 3371 primiyem'ae
3731 3288 3862 3371 (vel
3907 3286 4242 3352 Fortunae

610 3408 1068 3493 primiyeniae)
1130 3410 1207 3473 in
1274 3411 1422 3474 colle
1486 3412 1726 3475 factum
1796 3431 1934 3476 esse
2005 3412 2108 3477 die
2156 3414 2240 3476 25
2287 3412 2445 3476 Maii
2500 3414 2857 3477 coniunctis
2915 3412 3428 3477 kalendariorum
3476 3413 3776 3475 venusini
3824 3420 3887 3475 et
3932 3412 4234 3494 esquilini

618 3533 1020 3612 testimoniis,
1088 3533 1194 3598 die
1266 3535 1349 3596 14
1394 3534 1780 3601 Novembris
1826 3537 1960 3599 solo
2032 3537 2345 3600 arvalium
2401 3544 2673 3601 constat:
2745 3538 2824 3602 de
2888 3538 3001 3601 illo
3059 3537 3163 3601 die
3209 3537 3380 3599 idem
3427 3538 3699 3599 testatur
3745 3532 4020 3599 Ovidius
4067 3534 4235 3601 Fast.

620 3656 680 3735 5,
730 3655 874 3737 729,
918 3658 1035 3722 ubi
1079 3659 1237 3723 haec
1280 3665 1530 3723 extant:
1576 3680 1693 3723 uec
1736 3665 1793 3724 te
1828 3664 2172 3744 praeterea
2210 3662 2446 3745 populi
2487 3661 2760 3744 fortzma
2795 3662 3076 3746 potentis
3110 3661 3397 3746 publica,
3443 3660 3555 3724 cui
3599 3658 3907 3742 templum
3954 3659 4089 3723 luce
4132 3679 4232 3723 se-

614 3785 845 3862 quente
886 3781 1131 3847 datum.
1222 3790 1485 3847 voverat
1529 3784 1696 3848 hanc
1740 3784 1962 3849 aedem
2010 3783 2083 3847 P.
2132 3783 2549 3868 Sempronius
2594 3785 2949 3850 Tuditanus
2993 3785 3246 3870 Sophus
3293 3804 3416 3849 cos.
3465 3802 3634 3848 anno
3678 3783 4061 3847 varroniano
4109 3783 4237 3847 548
4354 3842 4362 3851 .

616 3906 776 3967 teste
842 3902 1028 3968 Livio
1084 3908 1187 3988 29,
1235 3908 1339 3989 36,
1386 3908 1455 3971 8:
1532 3908 1776 3972 locasse
1840 3928 1981 3973 eam
2048 3908 2324 3975 eundem
2393 3927 2722 3973 censorem
2774 3910 2938 3973 falso
3002 3909 3174 3973 idem
3239 3913 3507 3973 testatur
3569 3906 3676 3988 34,
3733 3908 3835 3986 53,
3884 3906 3924 3967 6
3996 3907 4236 3990 quippe

612 4025 909 4093 functum
956 4034 1263 4113 potestate
1308 4032 1599 4095 censoria
1643 4051 1696 4095 ει.
1742 4033 1902 4111 5453
1965 4040 2029 4095 at
2086 4032 2410 4096 dedicasse
2455 4052 2598 4096 eam
2644 4052 2811 4097 anno
2861 4033 2989 4096 560
3037 4032 3112 4109 Q.
3156 4032 3474 4096 Marcium
3518 4030 3770 4096 Rallam
3815 4030 4236 4095 duumvirum

616 4151 696 4215 ad
739 4153 809 4217 id
854 4155 1065 4238 ipsum
1113 4160 1396 4220 creatum
1459 4155 1671 4220 eidem
1735 4157 1992 4219 testanti
2060 4156 2301 4221 ibidem
2371 4157 2763 4221 credendum
2830 4159 2968 4221 erit.
3048 4158 3403 4241 appellatur
3457 4157 3578 4220 dea
3621 4177 3660 4220 a
3703 4153 3889 4219 Livio
3937 4155 4238 4221 Fortuna

614 4274 1021 4362 Primiyenia
1058 4282 1188 4343 tam
1232 4279 1337 4344 his
1382 4280 1539 4345 locis
1587 4299 1779 4365 quam
1824 4280 1990 4344 libro
2038 4282 2144 4362 43,
2172 4282 2272 4344 13.
2365 4300 2565 4364 quaro
2613 4280 2788 4363 quod
2832 4282 2902 4344 in
2947 4279 3267 4364 esquilino
3307 4280 3679 4344 kalendario
3723 4280 3962 4344 lectum
4011 4285 4107 4344 est
4149 4280 4232 4345 ad

612 4399 673 4463 d.
721 4402 805 4463 25
851 4401 1006 4467 Maii
1052 4401 1329 4468 Fortun
1370 4404 1554 4488 publ.
1594 4424 1701 4488 pr.
1747 4404 1957 4469 incoll.
2023 4406 2163 4469 sine
2229 4404 2427 4469 dubio
2493 4404 2839 4488 legendum
2885 4403 3140 4469 Fortun
3151 4405 3272 4491 (oe)
3319 4403 3486 4488 publ
3494 4404 3676 4488 (icae)
3722 4403 4234 4490 pr(imi9eniae),

612 4543 741 4587 non
787 4526 1079 4610 mapali)
1130 4529 1479 4614 domam),
1546 4547 1758 4613 neque
1802 4529 1940 4593 ulla
1985 4528 2295 4593 dubitatio
2340 4531 2565 4609 oritur,
2614 4536 2685 4593 ut
2730 4530 2941 4593 visum
2989 4533 3086 4592 est
3115 4528 3534 4610 Mommseno,
3580 4548 3618 4591 a
3663 4547 3831 4593 novo
3877 4527 4234 4593 kalendarii

490 4718 497 4729 ‚
606 4650 931 4713 caeretani
976 4651 1057 4714 ad
1102 4652 1380 4717 eundem
1428 4653 1597 4717 diem
1641 4654 2005 4717 testimonio
2052 4658 2131 4735 (v,
2179 4654 2535 4738 ephemeris
2597 4655 2792 4738 epigr.
2839 4674 2893 4718 a.
2947 4652 3117 4716 1877
3167 4674 3224 4737 p.
3278 4653 3333 4717 7.
3394 4653 3455 4733 9)
3501 4650 3834 4716 Fortunae
3871 4650 4225 4737 p(ublicae)

604 4774 899 4860 p(opuh‘)
946 4776 1264 4861 r(omani)
1320 4776 1741 4863 Qmiritimn)
1795 4778 1872 4842 in
1916 4779 2063 4843 colle
2107 4777 2333 4861 quirin
2346 4778 2513 4862 (alt),
2583 4779 2770 4842 cuius
2814 4782 2998 4842 notas
3051 4779 3121 4841 in
3177 4778 3350 4841 hunc
3394 4775 3658 4841 modum
3703 4795 3844 4841 esse
3892 4775 4233 4841 solvendas

610 4904 860 4963 certum
906 4904 1023 4965 est.
1114 4900 1183 4965 in
1234 4901 1419 4966 nullo
1486 4902 1686 4985 igitur
1738 4902 2255 4969 kalendariorum
2322 4903 2689 4966 testimonio
2765 4901 3032 4985 plenum
3100 4902 3258 4966 deae
3326 4920 3563 4965 nomen
3630 4901 4054 4985 perscriptum
4109 4905 4230 4963 est:

608 5023 870 5089 audisse
939 5025 1111 5088 enim
1177 5027 1251 5088 in
1316 5026 1503 5091 libris
1567 5025 1913 5111 pontificiis
1955 5026 2325 5091 Fortunam
2381 5025 2709 5110 publicam
2745 5026 2983 5111 populi
3025 5025 3314 5091 Romani
3365 5023 3728 5102 Quiritium
3763 5022 4236 5109 primiyeniam

613 5151 784 5215 recte
826 5153 1139 5213 *statuerat
1182 5148 1623 5215 Mommsenus
1687 5156 1834 5215 ante
1898 5152 2233 5215 inventum
2279 5153 2602 5214 caeretani
2641 5150 2996 5214 kalendarii
3041 5152 3506 5217 testimonium:
3567 5148 4054 5234 primiyeniam‚
4102 5166 4234 5213 non

607 5269 959 5353 publicam,
1030 5272 1275 5357 volgari
1321 5292 1447 5338 usu
1493 5276 1859 5360 nuncupari
1906 5275 2160 5339 solitam
2206 5276 2347 5358 ipsa
2391 5276 2755 5341 testimonia
2799 5273 2989 5357 Livii,
3059 5273 3404 5355 Ciceronis,
3472 5272 3996 5339 kalendariorum
4037 5270 4232 5337 fidem
