4859 6392
2378 623 2417 685 9

587 832 917 897 ficaverim
965 831 1245 897 breviter
1285 832 1601 899 indicabo.
1666 835 1950 917 primum
1997 834 2194 918 igitur
2236 835 2329 899 nil
2376 854 2526 899 cum
2572 841 2740 901 sorte
2771 835 3055 917 coniugii
3084 833 3315 900 Libero
3347 834 3630 917 Liberae,
3677 835 3895 901 Fauno
3927 836 4206 921 Faunae,

589 955 874 1021 Rumino
920 955 1256 1037 Ruminae,
1301 961 1365 1020 et
1402 957 1465 1019 ‘si
1510 976 1676 1039 quae
1723 964 1874 1022 sunt
1919 958 2042 1021 alia
2088 958 2155 1021 id
2199 977 2404 1042 genus
2450 960 2745 1035 numina3
2795 964 2944 1023 sunt
2990 966 3204 1023 autem
3252 978 3330 1023 ea
3373 961 3758 1043 paucissima
3803 962 3994 1025 etiam
4039 963 4208 1026 inter

588 1099 671 1144 ea
716 1099 882 1164 quae
926 1098 1010 1144 ex
1053 1081 1557 1165 indigitamentis
1603 1088 2006 1166 excerpserat
2049 1081 2273 1146 Varro.
2356 1100 2588 1165 nempe
2636 1101 2785 1147 cum
2832 1102 3019 1167 saepe
3064 1083 3465 1149 dubitaretur
3511 1083 3588 1147 de
3633 1100 3869 1167 genere
3913 1087 4205 1149 numinis

589 1204 814 1285 divini,
861 1223 1025 1288 quae
1072 1204 1500 1269 dubitationes
1547 1225 1698 1270 cum
1740 1206 1906 1269 solvi
1950 1206 2139 1289 plane
2184 1224 2314 1269 non
2359 1213 2635 1290 possent,
2702 1207 2766 1270 si
2807 1208 2917 1272 deo
2978 1207 3043 1272 si
3084 1208 3233 1272 deae
3274 1207 3513 1272 factum
3571 1226 3712 1273 esse
3769 1209 4026 1288 scimus,
4087 1209 4207 1272 ali-

588 1329 890 1410 quotiens
936 1328 1017 1391 ad
1063 1327 1497 1412 effingendum
1563 1330 1803 1414 duplex
1850 1329 2135 1393 eiusdem
2198 1331 2456 1394 virtutis
2516 1349 2758 1394 numen
2816 1331 3089 1395 alterum
3134 1331 3491 1395 masculum
3540 1332 3814 1395 alterum
3857 1331 4205 1396 femineum

590 1450 881 1515 homines
926 1451 1287 1535 confugisse
1332 1470 1463 1515 non
1502 1453 1737 1516 mirum
1780 1459 1892 1517 est.
1978 1473 2347 1536 quanquam
2392 1455 2462 1516 in
2509 1454 2607 1517 his
2655 1474 2929 1538 quoque,
2975 1455 3152 1518 velut
3198 1456 3264 1518 in
3305 1452 3534 1518 Libero
3565 1453 3814 1535 Libera,
3859 1455 4206 1519 admodum

591 1574 862 1640 dubium
908 1582 1021 1657 est,
1066 1582 1285 1639 utrum
1330 1576 1712 1659 primigenia
1770 1596 1845 1640 ea
1906 1577 2147 1641 fuerint
2207 1579 2403 1660 paria,
2469 1596 2552 1641 an
2599 1578 2772 1661 quod
2821 1598 2858 1643 a
2903 1579 3215 1663 principio
3264 1578 3626 1645 masculum
3682 1578 3878 1643 fuerit
3932 1580 3990 1641 ei
4039 1588 4206 1662 post-

590 1699 781 1764 modo
850 1698 1065 1763 addita
1132 1700 1215 1763 sit
1280 1698 1537 1763 femina.
1656 1700 1769 1764 sed
1822 1700 2126 1765 videntur
2180 1701 2650 1783 quodammodo
2698 1701 2777 1765 ad
2826 1703 3159 1786 coniugale
3206 1702 3600 1766 consortium
3646 1703 3982 1785 pertinere,
4031 1703 4206 1786 quod

589 1823 746 1888 olim
791 1825 1035 1905 monui,
1100 1824 1439 1887 nominum
1486 1824 1663 1907 paria
1706 1825 1956 1908 generis
2004 1826 2342 1908 utriusque
2388 1826 2468 1889 ad
2513 1845 2662 1889 eum
2708 1825 2970 1890 modum
3031 1826 3346 1909 copulata,
3414 1836 3542 1909 quo
3590 1827 3804 1890 mariti
3849 1828 4202 1923 uxorisque

587 1949 759 2013 inter
821 1947 1113 2012 homines
1175 1947 1427 2011 italicos
1492 1950 1757 2012 nomina
1818 1949 2216 2032 copulantur,
2286 1949 2406 2012 hoc
2475 1956 2571 2014 est
2625 1950 2760 2014 solo
2805 1951 3086 2032 genetivi
3135 1950 3246 2033 qui
3294 1949 3652 2014 dominium
3699 1956 4202 2037 potestatemque

588 2071 909 2155 significat
954 2071 1228 2135 vinculo.
1319 2091 1466 2135 nam
1514 2076 1589 2134 ut
1640 2068 1910 2136 Caecilia
1954 2070 2195 2137 Metelli
2236 2073 2341 2136 vel
2394 2073 2684 2138 Terentia
2735 2071 3057 2138 Ciceronis
3104 2076 3411 2157 coniuges
3458 2074 3779 2154 dicuntur,
3836 2075 3924 2138 ita
3979 2073 4202 2139 viden·

586 2202 697 2260 tur
774 2196 901 2260 dici
1001 2196 1198 2259 latine
1275 2195 1427 2260 Lua
1515 2194 1817 2276 Saturni,
1899 2196 2186 2261 umbrice
2269 2196 2513 2261 Vesune
2585 2195 2953 2261 Puemunes
3039 2202 3119 2278 (v,
3190 2218 3332 2261 mea
3390 2199 3460 2262 in
3527 2197 3812 2262 Prellero
3899 2200 3956 2278 1,
4016 2196 4199 2284 454).

586 2326 655 2384 at
698 2321 763 2384 in
811 2320 924 2384 illo
973 2322 1535 2402 conprecationum
1579 2320 1952 2403 fragmentO,
2020 2320 2191 2403 quod
2242 2321 2435 2385 Gellii
2502 2320 2819 2385 sollertiae
2870 2321 2969 2401 13,
3016 2322 3099 2383 23
3148 2321 3475 2401 debemus
3546 2323 3715 2385 inter
3761 2321 4090 2406 complura
4133 2322 4203 2385 id

584 2464 795 2528 genus
839 2446 1101 2508 nomina
1148 2462 1310 2527 quae
1358 2446 1707 2527 coniugum
1762 2444 2063 2509 videntur
2118 2464 2259 2510 esse
2312 2444 2620 2509 habemus
2666 2444 2932 2509 Heriem
2977 2445 3275 2526 Iunonis,
3361 2445 3592 2509 Virites
3647 2444 3933 2525 Quirini,
4001 2445 4202 2509 Moles

588 2570 846 2651 Martia,
895 2569 975 2633 de
1023 2567 1261 2651 quibus
1308 2568 1516 2632 adhuc
1560 2567 1989 2649 dubitabatur,
2045 2574 2296 2651 praeter
2340 2568 2682 2633 Nerienem
2729 2569 2832 2632 dei
2879 2569 3183 2633 eiusdem.
3276 2569 3390 2634 has
3437 2578 3653 2633 autem
3698 2569 3900 2634 Moles
3943 2589 4120 2634 nunc
4165 2589 4201 2634 e

589 2695 877 2759 redivivo
921 2692 1275 2757 kalendarii
1320 2694 1577 2757 cumani
1622 2692 1976 2776 fragmento
2022 2702 2195 2757 certo
2242 2699 2487 2757 constat
2531 2693 2763 2776 plurali
2808 2712 3077 2757 numero
3120 2694 3355 2777 pariter
3387 2700 3457 2756 ut
3502 2693 3734 2757 Virites
3779 2693 3981 2757 dictas
4027 2711 4200 2759 esse:

592 2826 663 2881 ut
704 2818 892 2882 facile
925 2818 1071 2900 quis
1100 2815 1497 2881 Mommseno
1543 2816 1938 2881 adsentiatur
1966 2816 2247 2883 Hermae
2301 2838 2340 2881 a
2383 2816 2663 2881 Roberto
2710 2815 3132 2901 Kaibelioque
3177 2817 3332 2881 editi
3386 2818 3484 2899 17,
3508 2818 3632 2881 637
3683 2818 4045 2901 catalogum
4091 2837 4200 2901 pa-

589 2943 759 3004 rium
805 2941 1170 3004 divinorum
1214 2940 1565 3023 gellianum
1627 2942 1839 3023 potius
1900 2962 1939 3005 a
1996 2943 2338 3005 numinum
2392 2941 2794 3021 feminilium,
2871 2960 3036 3024 quae
3100 2958 3284 3024 opem
3352 2941 3594 3006 ferrent
3650 2945 3787 3007 sive
3856 2943 4017 3005 mari
4062 2943 4199 3005 sive

584 3065 884 3144 feminae,
930 3064 1384 3148 explicandum
1418 3083 1557 3129 esse
1602 3066 1905 3129 censenti.
2002 3064 2202 3128 nihilo
2248 3066 2467 3131 minus
2514 3066 2630 3128 vix
2659 3066 3013 3147 nega-veris,
3061 3063 3428 3129 hominibus
3460 3084 3610 3128 cum
3641 3064 3845 3129 Luam
3892 3086 4040 3129 cum
4087 3064 4200 3129 Sa-

584 3193 798 3269 turn0,
866 3186 1190 3251 Vesunem
1251 3207 1398 3251 cum
1447 3187 1784 3252 Puemune
1830 3190 2110 3273 genetivi
2154 3190 2414 3252 vinculo
2464 3189 2920 3273 copulaverint,
2989 3207 3118 3251 non
3166 3189 3450 3271 potuisse
3497 3190 3589 3252 eis
3635 3188 3930 3253 excidere
3977 3190 4199 3252 coniu-

585 3312 751 3396 galis
794 3313 1120 3377 societatis
1165 3313 1300 3375 vim
1346 3313 1858 3396 sententiamque
1905 3312 2259 3397 eodemque
2302 3314 2622 3397 pertinere
2650 3312 2970 3376 Iunonem
2999 3312 3300 3376 sociatam
3333 3331 3484 3377 cum
3514 3331 3746 3395 magno
3778 3309 3949 3394 Iove,
3997 3309 4199 3395 Opem

586 3454 739 3501 cum
770 3436 1067 3501 Saturno.
1140 3442 1362 3501 extant
1402 3443 1616 3501 autem
1649 3437 1885 3520 quibus
1930 3438 2051 3501 hoc
2092 3439 2185 3501 ita
2230 3456 2369 3501 esse
2416 3435 2863 3520 comprobetur
2907 3437 3259 3500 certissima
3304 3436 3382 3499 de
3413 3434 3688 3500 Neriene
3721 3434 3945 3499 Martis
3993 3455 4198 3500 uxore

585 3562 955 3625 testimonia
1018 3561 1305 3626 conlecta
1372 3581 1412 3625 a
1470 3560 1685 3625 ’Gellio
1755 3581 1830 3625 eo
1897 3562 2065 3643 loce,
2148 3561 2260 3625 ubi
2338 3561 2865 3645 comprecationis
2947 3559 3124 3623 illius
3203 3559 3398 3623 verba
3465 3560 3892 3640 edissertavit,
3982 3557 4200 3623 Plauti

582 3685 772 3750 Truc.
822 3687 880 3765 2,
929 3683 988 3765 6,
1038 3683 1124 3748 34
1171 3682 1380 3772 (515),
1443 3685 1669 3750 Licinii
1716 3686 2014 3751 Imbricis
2060 3687 2129 3749 in
2171 3684 2440 3767 Neaera,
2501 3685 2885 3767 precationis
2941 3703 2981 3746 a
3027 3682 3234 3747 Gellio
3306 3683 3639 3749 annalium
3681 3683 3989 3767 scriptore
4032 3681 4200 3747 Her-

583 3810 769 3873 siliae
814 3809 1174 3874 attributae.
1267 3815 1331 3873 et
1372 3809 1527 3874 huic
1575 3811 1852 3894 quidem,
1899 3809 2012 3874 ubi
2041 3808 2237 3873 Ner-ia
2268 3808 2490 3872 Martis
2535 3808 2775 3873 coniux
2817 3813 3100 3888 vocatur,
3154 3806 3479 3871 artificiosi
3541 3809 3751 3891 operis
3797 3808 4056 3891 signum
4101 3808 4199 3871 in-

582 3951 724 3997 esse
780 3933 1294 3997 allitterationem
1362 3953 1558 4017 supra
1624 3934 1886 3998 modum
1942 3933 2268 3997 excultam
2325 3933 2605 3997 indicavi
2652 3931 3107 4012 symbolarum
3167 3934 3301 3995 crit
3349 3952 3409 4015 p.
3463 3933 3606 3997 181.
3659 3932 3801 3996 188.
3895 3930 4198 3996 Plautum

584 4059 701 4141 qui
744 4057 916 4121 idem
964 4057 1349 4141 significavit
1392 4093 1480 4103 --
1526 4057 1721 4141 idque
1778 4059 1968 4122 etiam
2001 4056 2081 4121 ad
2111 4056 2456 4122 Imbricem
2501 4058 2776 4141 pertinet
2824 4094 2907 4103 —
2953 4055 3125 4119 haud
3160 4057 3453 4139 imperite
3485 4056 3672 4121 homo
3701 4074 3837 4119 non
3866 4054 4199 4119 incelebris

580 4182 1074 4265 reprehenderat
1118 4184 1284 4247 male
1329 4183 1649 4247 mulcatus
1696 4180 1778 4247 ob
1824 4182 1892 4245 id
1937 4202 1974 4245 a
2022 4180 2230 4246 Gellio
2276 4183 2519 4246 scilicet
2563 4181 2880 4265 gellianae
2935 4180 3323 4263 precationis
3370 4184 3674 4262 tanquam
3721 4179 3801 4242 ab
3847 4180 3986 4263 ipsa
4030 4177 4196 4243 Her-

580 4305 727 4369 silia
772 4306 942 4390 apud
986 4306 1202 4370 Titum
1245 4307 1499 4371 Tatium
1547 4312 1759 4371 oratae
1812 4305 2037 4390 putido
2098 4304 2500 4371 admiratore.
2593 4323 2678 4369 ne
2723 4305 2959 4369 multa:
3028 4306 3122 4368 ita
3184 4310 3546 4388 comparata
3601 4309 3757 4367 sunt
3809 4303 3966 4366 haec
4022 4303 4194 4366 testi-

584 4431 817 4513 monia,
862 4435 937 4494 ut
978 4430 1397 4514 comprobent
1440 4432 1612 4515 quod
1658 4432 1813 4514 dixi,
1858 4431 2107 4513 volgari
2153 4429 2487 4495 hominum
2520 4430 2819 4512 opinione
2863 4429 3156 4493 feminini
3185 4429 3472 4492 numinis
3517 4446 3668 4492 cum
3714 4426 3998 4491 masculo
4045 4445 4196 4489 con-

580 4555 980 4618 iunctionem
1025 4574 1157 4619 non
1202 4556 1485 4639 potuisse
1529 4574 1660 4620 non
1704 4575 1818 4640 pro
1865 4554 2185 4638 coniugali
2232 4555 2583 4629 aestimari3
2643 4552 2815 4637 quod
2879 4558 3101 4616 contra
3145 4540 3596 4636 primigeniam
3640 4552 3695 4614 si
3743 4551 4045 4634 respicias
4091 4550 4195 4614 vel

580 4684 659 4742 ut
703 4679 940 4742 clarius
986 4680 1158 4763 quod
1204 4683 1407 4745 sentio
1452 4680 1842 4765 patefaciam,
1909 4678 2298 4763 pontificiam
2365 4680 2505 4742 eius
2569 4678 2856 4755 formam,
2923 4676 3188 4739 humani
3233 4676 3428 4739 huius
3475 4675 3778 4739 consortii
3824 4675 3940 4736 vix
3985 4673 4195 4738 ullum

581 4802 974 4887 relinquitur
1015 4806 1378 4889 vestigium.

902 4929 1102 5011 patris
1133 4935 1195 4993 et
1224 4931 1447 4994 matris
1477 4929 1964 5013 cognominibus
2000 4928 2446 5011 antiquissima
2475 4931 2678 4990 aetate
2708 4924 3043 5017 complura
3077 4924 3346 4988 numina
3376 4920 3690 5006 appellata
3732 4938 3872 4985 esse
3920 4923 4191 4983 constat:

582 5069 938 5134 paucorum
985 5054 1359 5118 nominibus
1402 5053 1783 5137 procedente
1827 5057 2113 5136 tempore
2159 5071 2237 5116 ea
2282 5050 2662 5136 cognomina
2706 5049 3051 5114 adhaesere
3084 5046 3171 5131 (v,
3211 5065 3374 5131 quae
3406 5046 3544 5109 dixi
3575 5046 3644 5109 in
3675 5043 3961 5109 Prellero
4002 5044 4057 5125 1,
4093 5043 4196 5123 56,

582 5174 700 5238 ubi
745 5174 1056 5241 matribus
1102 5176 1290 5242 Flora
1336 5177 1670 5242 adicienda
1713 5181 1849 5241 erat
1892 5177 1982 5239 ita
2027 5196 2063 5240 a
2093 5175 2391 5240 Lucretio
2439 5173 2932 5259 cognominata).
3023 5172 3267 5237 dixeris
3301 5172 3468 5255 patri
3513 5176 3578 5234 et
3619 5169 3808 5233 matri
3853 5169 4196 5232 convenire

581 5298 837 5363 liberos.
926 5320 1151 5365 verum
1218 5321 1299 5366 ne
1360 5322 1562 5367 unum
1613 5301 1873 5387 quidem
1918 5306 2169 5385 praeter
2214 5299 2502 5365 Puerum
2548 5298 2770 5364 Iovem
2831 5299 2900 5361 in
2944 5298 3188 5382 gremio
3233 5294 3552 5360 Fortunae
3599 5292 3924 5357 sedentem
3969 5290 4198 5356 Fortu-

3770 5425 3805 5478 2
